2850 4876
615 354 815 401 arrnumu.
1170 336 1239 400 zm

180 516 460 583 Uuerabreodnn
468 533 548 578 cura
563 511 759 584 Peonedoc,
770 510 962 573 Teutintun
970 530 1050 572 curn
1061 511 1237 594 Myttune,

178 620 489 700 Seegoebeamwe,
527 624 565 676 et
595 614 632 675 in
665 619 783 673 monte
817 610 1001 686 Wiccisoe,
1036 610 1236 686 Nor'dwicn,

181 717 415 792 Eowenland,
439 711 696 794 Dmiglmsiord,
710 720 747 772 et
760 711 913 786 Doreue,
930 720 967 773 et
989 710 1185 787 lomcumb,
1199 719 1238 774 et

179 822 217 883 in
231 820 312 901 ripa
327 818 455 880 Sturac
478 812 630 875 fluminis
646 811 916 892 Scepwaesctun,
931 822 968 872 et
981 811 1028 872 rbi
1042 811 1143 874 iuxta
1158 829 1236 874 cam

182 917 402 991 Blacwaelle,
423 924 461 978 et
479 915 516 976 in
538 910 745 975 ooeidenoli
768 919 868 991 perte
890 911 1057 973 Sabrinae
1072 909 1236 974 Grimen-

181 1020 276 1100 iaege
297 1037 378 1081 cum
399 1013 595 1092 Wittlaege,
621 1021 657 1074 et
679 1009 905 1085 Cnihtawice,
926 1020 963 1073 et
986 1009 1138 1091 Hallege
1157 1030 1237 1074 cum

183 1119 253 1184 sibi
277 1115 553 1199 pertinentibus;
576 1111 712 1174 etitem
730 1109 968 1173 Hercfordtun
985 1111 1088 1173 iuxta
1103 1109 1238 1188 Auens,

185 1238 252 1301 pro
264 1214 475 1299 supplendo,
482 1221 524 1274 ut
534 1211 807 1293 supradiximus,
818 1211 1027 1286 centuriam,
1038 1210 1074 1272 id
1084 1219 1140 1274 ost
1148 1210 1237 1274 hun·

187 1317 287 1394 dred,
299 1316 368 1378 deo
381 1320 576 1377 etsanctae
591 1310 648 1373 dei
664 1310 824 1391 genitrici
842 1309 989 1386 Mariae,
1003 1310 1049 1373 ad
1064 1330 1150 1374 usus
1165 1331 1240 1375 ser-

189 1437 314 1482 uorum
329 1415 417 1489 eius,
432 1411 679 1475 monachorum
690 1410 836 1485 scilicet,
851 1409 978 1473 liberas
992 1410 1097 1488 dono,
1108 1421 1145 1475 et
1161 1412 1239 1495 qui·

189 1526 267 1583 etas
284 1535 363 1579 esse
376 1513 553 1596 praecipio
568 1510 730 1592 dduocps
742 1511 830 1573 etin
847 1519 1050 1592 perpetuum
1066 1512 1113 1574 ab
1128 1513 1240 1576 omni·

189 1619 256 1681 bus
279 1613 513 1678 saecularium
534 1630 649 1674 rerum
673 1610 848 1685 onen'bus,
864 1611 961 1673 duris
985 1620 1023 1674 et
1036 1611 1185 1688 leuibus,
1201 1622 1240 1677 et

191 1718 236 1782 ab
249 1716 347 1781 omni
361 1714 533 1776 seruitute
546 1719 583 1774 et
596 1710 838 1774 exactionibus
855 1710 1043 1786 fiscalibus,
1054 1713 1191 1793 magnis
1204 1722 1241 1776 et

192 1817 352 1889 modicis,
368 1815 462 1877 notis
486 1821 524 1876 et
537 1811 680 1893 ignotis
695 1817 768 1873 tam
785 1811 878 1891 regis
901 1830 1006 1892 quam
1021 1812 1186 1894 principis
1203 1822 1242 1876 et

193 1916 432 1980 ministrorum
455 1921 562 1993 atque
576 1919 781 1974 exactorum
801 1929 932 1987 eorum,
948 1912 1105 1994 exceptis
1125 1912 1243 1994 pontis

194 2024 230 2082 et
247 2016 339 2080 arcis
365 2012 623 2078 constructione
646 2020 683 2074 et
701 2010 923 2092 expeditione
949 2020 1071 2075 contra
1095 2011 1242 2078 hostem.

197 2119 410 2198 Habeatque
428 2113 609 2177 Winsinus
634 2111 843 2175 reuerendus
862 2111 1024 2175 sacerdos
1047 2131 1150 2195 quem
1167 2112 1243 2195 ipse

195 2219 381 2301 episcopus
406 2212 604 2287 Oswaldus,
626 2232 681 2276 me
702 2211 841 2275 fauente
866 2213 1164 2277 etauctoritatem
1186 2231 1241 2277 ro·

197 2319 292 2400 giam
308 2321 520 2399 praestante,
537 2314 573 2375 in
595 2313 677 2376 sede
694 2312 883 2395 episcopali
899 2313 1077 2377 monachis
1096 2332 1243 2397 praepo·

197 2419 279 2494 suit,
294 2414 449 2498 quandiu
463 2415 537 2495 ipse
554 2413 694 2489 uixerit,
709 2432 897 2496 omnesque
912 2421 1085 2496 postcom
1100 2413 1154 2476 sui
1169 2433 1245 2480 suc·

199 2536 356 2583 cessores
383 2514 445 2598 qui
468 2513 579 2577 eidem
601 2514 861 2595 congregationi
890 2514 1079 2598 praepositi
1104 2514 1244 2594 suerint,

197 2619 312 2702 ipsum
324 2614 478 2679 hundred
493 2633 572 2678 cum
583 2615 742 2678 omnibus
756 2614 892 2693 debitis,
906 2633 996 2698 quae
1012 2634 1076 2679 rex
1091 2622 1195 2679 antea
1210 2616 1246 2679 in

200 2739 242 2783 eo
255 2717 388 2792 habuit,
399 2723 434 2779 et
445 2715 499 2778 ius
513 2723 550 2778 et
558 2721 767 2796 potestatem
780 2715 966 2780 earundem
978 2715 1246 2799 posscssionum,

201 2838 280 2882 cum
297 2816 381 2881 tolle
398 2825 433 2880 et
450 2823 575 2891 teame,
590 2834 674 2879 saca
687 2824 724 2879 et
738 2833 854 2895 socne,
869 2824 905 2881 et
919 2815 1195 2898 infangenedeof,
1210 2825 1246 2883 et

202 2917 333 3001 proprii
346 2917 432 2979 iuris
443 2916 597 2979 debitum
609 2917 905 2998 transgressionis,
917 2924 953 2981 et
966 2938 1113 3001 poenam
1129 2916 1246 2983 delicti

202 3037 292 3101 quae
317 3015 467 3098 Anglice
488 3016 616 3081 dicitur
636 3016 904 3094 ofersaewnesse,
921 3024 957 3082 et
979 3019 1160 3103 gyltwyte,
1183 3038 1247 3084 neo

202 3118 248 3184 sit
262 3119 316 3182 sas
332 3125 394 3181 aut
410 3125 566 3199 potestas
583 3117 744 3200 cuiquam
761 3117 1036 3200 praepositorum
1057 3138 1119 3184 seu
1142 3138 1246 3185 exac-

204 3227 318 3283 torum
334 3217 391 3281 uel
407 3218 641 3283 ministrorum
656 3237 822 3294 meorum,
834 3236 897 3282 nec
912 3217 1016 3282 alicui
1030 3219 1176 3303 principi
1190 3220 1248 3286 uel

204 3339 249 3384 ex
266 3317 522 3383 succedentium
543 3337 686 3382 numero
708 3317 875 3400 pontifici,
891 3317 980 3382 hanc
996 3337 1095 3383 meae
1111 3320 1248 3384 munitl-

204 3419 338 3483 centiae
353 3418 547 3482 libertatem
563 3424 599 3482 et
616 3418 848 3483 concessionis
865 3418 1061 3482 firmitatem
1079 3418 1114 3482 in
1131 3418 1249 3502 aliquo

205 3519 371 3595 minuere,
390 3517 445 3582 uel
459 3518 656 3599 infringere,
673 3516 729 3583 uel
746 3538 886 3602 quoquo
907 3517 1010 3583 modo
1032 3525 1166 3584 mutare
1188 3526 1250 3585 aut

205 3619 404 3702 peruadere,
423 3625 485 3682 aut
499 3638 705 3703 quocunque
720 3619 860 3702 ingenio
878 3620 973 3702 ipsos
995 3618 1180 3684 monachos
1195 3620 1251 3685 dei

205 3738 325 3784 seruos
348 3719 572 3801 inquietando
595 3720 808 3802 perturbare,
830 3728 869 3784 ut
892 3720 1010 3804 aliqua
1031 3717 1250 3786 fraudulenta

205 3820 387 3884 occasione
418 3820 542 3883 iterum
572 3821 609 3882 in
640 3820 841 3885 clericorum
871 3827 933 3885 aut
960 3820 1069 3903 ipsius
1096 3820 1250 3905 episcopi

206 3919 382 4003 proprium
399 3927 577 3983 transeant
594 3919 660 3995 ius,
678 3921 722 3984 ab
740 3921 893 4003 ipsorum
917 3927 1089 4002 potestate
1104 3937 1250 4003 quorum

205 4019 283 4084 usui
305 4020 373 4084 ista
393 4020 548 4083 concessi
570 4027 606 4083 et
623 4017 762 4085 donaui.
811 4018 954 4085 Prouidi
971 4020 1075 4085 etiam
1094 4020 1251 4087 cautelae

204 4120 319 4184 studio
345 4127 385 4183 ut
407 4119 491 4183 haec
515 4119 659 4184 libertas
686 4119 816 4185 firmius
843 4120 893 4185 eis
915 4127 1034 4204 posset
1052 4117 1251 4203 perdurare,
