2850 4876
182 328 225 391 14
446 341 618 393 suenrus
641 340 987 391 nucuosnxoruosn.
1060 366 1064 371 -

186 523 254 565 non
288 501 416 584 poterit
444 498 609 576 ordinari,
638 500 730 581 apud
759 499 887 563 electos
916 501 1060 563 abbates
1086 507 1122 564 et
1148 500 1240 566 alios

186 610 303 685 patres
326 601 426 664 deum
454 600 628 676 timentes,
650 600 725 662 sine
751 599 948 663 uoluntaria
970 599 1146 678 dilatione,
1170 622 1240 665 me-

184 704 250 766 diis
262 702 491 766 sacrosanctis
503 699 694 781 euangeliis
706 699 858 763 finiatur.
904 699 1000 764 Inter
1011 707 1092 781 post
1105 720 1238 783 pauca3

187 803 317 867 Missas
338 820 476 882 quoque
494 800 649 882 publicas
672 801 716 863 ab
731 799 901 881 episcopis
918 800 953 862 in
972 801 1147 864 coenobiis
1163 801 1240 865 fieri

186 904 324 967 omnino
346 901 578 983 prohibemus,
596 918 639 963 ue
652 899 689 962 iu
704 917 882 963 seruorum
897 899 952 964 dei
974 901 1180 978 recessibus,
1203 909 1240 966 et

187 1022 304 1067 eorum
325 1000 565 1082 receptaculis,
583 999 654 1063 ulla
670 1000 877 1082 praebeatur
893 1000 1029 1064 occasio
1044 1008 1240 1066 conuentus

188 1102 245 1166 uel
269 1101 449 1165 mulierum
473 1099 536 1163 fiat
557 1118 669 1162 nouus
695 1098 870 1176 introitus,
890 1100 983 1181 quod
1006 1101 1145 1164 omnino
1167 1120 1240 1165 uon

187 1202 328 1284 expedit
350 1201 531 1264 animabus
557 1218 697 1279 eorum:
719 1218 782 1262 nec
804 1199 956 1264 audeant
971 1199 1019 1264 ibi
1035 1200 1238 1266 cathedram

188 1302 358 1367 collocare
383 1301 437 1364 uel
457 1299 646 1381 quamlibet
667 1305 875 1379 potestatem
895 1299 1023 1364 habere
1043 1301 1240 1383 imperandi

187 1422 251 1466 nec
276 1402 430 1484 aliquam
446 1399 711 1476 ordinationem,
732 1400 891 1481 quamuis
913 1399 1136 1478 lenissimam,
1150 1400 1240 1466 faci·

189 1502 280 1578 endi,
299 1502 366 1564 uisi
390 1508 426 1564 et
445 1501 569 1563 abbate
590 1498 717 1565 fuerint
739 1501 864 1581 rogati,
886 1501 1050 1582 quatinus
1076 1502 1240 1566 monachi

189 1621 325 1684 semper
347 1607 510 1663 maneant
532 1600 567 1662 in
590 1600 754 1664 abbatum
772 1619 913 1664 suorum
928 1607 1121 1682 potestate:
1143 1601 1239 1666 idem

189 1703 258 1766 alio
281 1702 377 1776 loco:
410 1699 633 1764 Grauaminis
656 1706 692 1763 et
714 1705 834 1764 contra
859 1700 1074 1765 sacerdotale
1097 1709 1242 1768 constat

188 1821 263 1867 esse
285 1801 513 1883 propositum,
536 1800 704 1881 cuiusque
727 1801 927 1864 monasterii
948 1801 1131 1883 priuilegia
1152 1802 1240 1867 olim

187 1900 323 1967 indulta
339 1899 546 1965 confundere
568 1899 663 1964 etad
682 1899 817 1964 irritum
835 1908 1020 1986 quaesunt
1037 1920 1100 1983 pro
1117 1903 1238 1983 quiete

188 2003 357 2084 disposita
388 2002 452 2064 niti
482 2001 672 2064 deducere:
705 2001 788 2063 item
822 1999 894 2064 Leo
921 2020 1026 2083 papa,
1054 2002 1239 2068 Marciano

189 2102 366 2184 Augusto:
386 2101 577 2180 Priuilegia
590 2100 874 2165 monasteriorum
888 2108 1083 2165 sanctorum
1097 2109 1240 2184 patrum

190 2200 677 2267 auctoritateinstitutanulla
687 2207 839 2280 ⁴possunt
850 2201 1059 2281 inprobitate
1075 2203 1240 2281 conuelli,

189 2303 284 2368 nulla
293 2302 449 2366 nouitate
458 2302 599 2365 mutari:
622 2301 705 2363 item
716 2319 762 2363 ex
777 2299 921 2364 decretis
931 2300 1093 2365 Anacleti
1107 2321 1241 2385 papae:

189 2402 380 2490 Priuilegia
397 2400 683 2465 monasteriorum
700 2398 907 2465 intemerata
923 2407 959 2465 et
971 2400 1142 2465 inuiolata
1159 2422 1240 2485 per-

189 2503 302 2584 petuis
327 2501 540 2564 decreuimus
568 2517 705 2565 manere
730 2502 964 2582 temporibus:
1000 2501 1084 2564 item
1114 2502 1241 2568 beatus

189 2600 408 2682 Augustinus
428 2600 465 2662 in
480 2599 567 2663 libro
590 2598 633 2662 de
656 2599 919 2665 aecclesiasticis
936 2601 1114 2665 ordinibus
1135 2600 1241 2669 docet

188 2703 253 2764 sub
271 2701 385 2782 quiete
403 2699 589 2763 monachos
599 2699 805 2780 regulariter
820 2700 978 2763 uiuentes
993 2721 1057 2764 sua
1069 2701 1241 2781 singulari

189 2802 266 2882 lege
284 2801 408 2864 debere
425 2800 613 2881 quiescere,
633 2808 669 2864 et
690 2799 734 2862 ab
749 2799 842 2862 omni
857 2799 1078 2864 infestatione
1094 2801 1239 2868 clerico·

189 2921 264 2963 rum
284 2900 474 2981 intrepidos
494 2919 706 2981 permanere,
726 2918 769 2962 ne
788 2900 976 2963 saecularis
995 2901 1162 2983 strepitus
1177 2911 1252 2968 eos·

189 3000 305 3065 laedat
320 3019 407 3082 quos
425 2998 583 3062 districta
595 2999 716 3080 regula
731 2998 909 3062 seruitutis
931 2998 1060 3063 domini
1081 3000 1242 3068 modera-

190 3108 267 3163 tur:
294 3102 377 3164 item
392 3119 438 3162 ex
458 3098 604 3163 concilio
626 3097 829 3180 Hispalensi
846 3099 1012 3178 secundo:
1045 3099 1240 3167 statuimus

188 3200 264 3281 pari
292 3199 463 3264 sententia
488 3205 528 3262 ut
550 3200 726 3276 coenobia,
749 3217 838 3280 quae
862 3199 1052 3282 antiquitus
1078 3199 1242 3268 instituta

188 3307 281 3374 sunt,
311 3299 477 3362 immobili
507 3305 541 3362 et
570 3299 775 3363 inconcussa
798 3299 987 3364 stabilitate
1013 3311 1241 3381 permaneant

189 3399 348 3462 solidata.
401 3398 438 3462 Si
453 3398 531 3479 quis
548 3405 675 3474 autem,
690 3396 782 3480 quod
800 3398 904 3474 absit,
915 3407 1069 3462 nostrum
1085 3399 1141 3464 uel
1158 3419 1239 3466 suc-

189 3498 381 3563 cedentium
407 3497 624 3561 sacerdotum
650 3495 827 3578 quodlibet
848 3498 1094 3561 monasterium
1118 3507 1180 3564 aut
1201 3504 1240 3568 ui

188 3598 389 3679 cupiditatis
415 3595 614 3678 expoliandi
640 3603 701 3660 aut
723 3595 942 3660 simulatione
968 3597 1086 3680 alique
1106 3597 1240 3667 fraudis

189 3696 406 3761 conuellendi
446 3695 502 3758 uel
539 3694 751 3759 dissoluendi
783 3697 1018 3777 temptauerit,
1052 3699 1240 3767 anathema

189 3797 341 3870 effectus,
357 3801 496 3858 maneat
507 3814 528 3857 a
539 3814 646 3875 regno
657 3795 713 3858 dei
724 3801 926 3873 extraneus
942 3815 1005 3861 nec
1016 3798 1176 3878 proficiat
1186 3802 1239 3865 illi

189 3898 314 3960 bonum
334 3895 413 3959 fidei
427 3895 483 3958 uel
505 3895 620 3976 operis
643 3894 685 3957 ad
709 3895 857 3959 salutem
880 3895 940 3977 qui
964 3903 1082 3961 tantae
1105 3905 1140 3962 et
1163 3907 1237 3967 tam

189 3995 351 4059 salutaris
382 3995 475 4059 uitae
515 3995 727 4059 destruxerit
763 3995 947 4059 tramitem.
1016 3996 1121 4062 Hanc
1151 4018 1237 4082 ergo

187 4097 392 4178 scriptorum
411 4096 549 4159 illorum
571 4095 776 4160 sententiam
794 4095 1064 4173 considerantes,
1082 4098 1139 4161 uel
1156 4099 1237 4166 iden
