2850 4876
379 386 552 436 ounarnn
573 385 919 436 anonosaxourcnn.
1106 366 1171 432 lat

114 542 277 607 concedo.
343 544 388 608 Et
413 544 478 609 hoc
503 552 574 609 tam
602 563 680 608 mea
708 563 811 627 quam
838 543 893 608 dei
921 544 1164 627 omnipotentis

114 643 320 708 auctoritate
342 645 529 728 praecipio,
559 651 600 709 ut
622 662 724 708 nemo
743 663 981 709 successorum
1007 663 1160 709 meorum

113 761 245 823 regum,
259 743 510 828 episcoporum,
525 745 664 821 ducum,
675 745 923 827 principumue,
939 752 999 807 aut
1016 745 1163 809 alicuius

114 844 300 924 superioris
329 863 391 908 seu
419 844 590 909 inferioris
620 844 811 927 dignitatis,
841 844 905 909 boc
933 845 1164 910 restitutionis

114 961 209 1007 meae
241 943 421 1009 donarium
444 944 575 1008 uiolare
602 944 659 1008 uel
684 950 819 1008 mutare
848 953 1057 1026 praesumat
1123 945 1162 1010 Si

115 1043 188 1123 quis
207 1042 315 1125 igitur
334 1044 420 1109 haec
438 1063 525 1108 ausu
550 1045 732 1109 temerario
756 1044 957 1109 subuertere
972 1051 1008 1109 et
1024 1064 1047 1109 a
1062 1063 1161 1126 prae·

113 1141 184 1205 fato
199 1141 278 1208 loco
295 1152 417 1209 sancto
432 1143 566 1208 auferre
581 1150 726 1208 conatus
743 1143 858 1222 suerit,
875 1152 1035 1208 aeternae
1055 1143 1163 1210 male-

114 1240 273 1306 dictionis
310 1244 502 1308 sententiae
540 1243 730 1321 subiaceat,
767 1251 803 1308 et
840 1245 960 1327 poenis
1000 1251 1162 1310 aeternae

113 1340 367 1425 dampnationis
391 1343 570 1408 inuolatus
594 1360 672 1408 cum
696 1350 808 1407 tetrae
831 1344 989 1426 caliginis
1015 1345 1165 1428 agmini-

114 1441 176 1506 bus
191 1443 268 1507 sine
280 1442 350 1508 fine
366 1444 541 1527 puniatur,
553 1443 618 1507 nisi
630 1443 736 1525 digna
749 1443 986 1508 satisfactione
1001 1444 1161 1509 emenda·

114 1543 203 1607 uerit
237 1543 328 1626 quod
360 1552 482 1609 contra
519 1542 690 1626 gloriosos
721 1543 957 1626 apostolorum
989 1545 1166 1627 principes

113 1639 311 1725 delinquere
324 1663 393 1708 non
409 1643 542 1718 timuit3
560 1662 662 1726 porro
673 1644 836 1708 circuitus
849 1645 1001 1709 eiusdem
1017 1644 1167 1727 hospicii

114 1759 176 1822 pro
197 1743 297 1806 cuius
319 1743 489 1808 libertatis
512 1762 619 1808 causa
638 1744 727 1808 hanc
753 1751 885 1808 cartam
908 1746 1058 1809 scribere
1083 1764 1162 1808 con-

115 1843 213 1919 cessi,
231 1842 282 1906 ita
297 1863 335 1908 se
350 1843 475 1907 babere
497 1842 646 1907 uidetur.
699 1844 765 1910 Dis
785 1844 819 1907 is
837 1850 900 1907 'bes
918 1844 1033 1925 hagan
1051 1845 1163 1908 embe-

115 1961 208 2024 gang
232 1940 273 2006 be
300 1944 463 2008 AEttelred
489 1943 569 2024 cing
596 1933 711 2025 gefi'oe
734 1933 808 2007 into
836 1943 970 2006 Ealdnn
996 1951 1162 2027 mynstre,

115 2041 189 2105 oser
212 2041 404 2124 Wullsiges
430 2043 509 2124 daeg
532 2033 702 2125 pre6stes.
764 2043 883 2106 AErest
915 2043 1004 2107 fram
1030 2033 1162 2106 Ledlan

116 2140 230 2224 hagan
246 2149 334 2207 west
351 2143 504 2224 andlang
519 2131 708 2235 cypstrffite
720 2147 765 2206 0’6
779 2142 830 2206 hit
848 2147 949 2225 cymb
966 2134 1005 2207 t6
1019 2142 1164 2224 flaes[c]-

115 2261 279 2324 mangere
305 2233 444 2321 strata
468 2242 618 2324 andlang
640 2243 903 2322 daescmangara
920 2231 1041 2307 strffite
1054 2248 1115 2306 bet
1137 2243 1165 2307 it

116 2346 216 2426 cym’6
239 2333 278 2407 t6
296 2343 578 2426 scyldwyrhtana
597 2333 738 2422 strate3
761 2341 912 2423 andlang
936 2342 1164 2425 scyldwyrht·

116 2459 184 2505 ana
205 2430 325 2506 strs‘ete
347 2432 423 2507 east
449 2442 499 2507 eft
520 2448 592 2507 ’beet
616 2443 668 2507 hit
691 2448 793 2526 cymb
818 2432 855 2506 td
878 2433 1012 2506 Leol'an
1038 2443 1163 2524 hagan.

117 2539 221 2606 Anno
252 2541 444 2607 dominicae
476 2542 722 2607 incarnationis
760 2559 1000 2607 ,nccccxcvn
1035 2543 1166 2625 scripta

117 2648 170 2705 est
193 2641 278 2706 haec
299 2642 420 2707 eadem
446 2642 622 2726 praelatae
649 2643 912 2707 restaurationis
936 2643 1088 2719 scedula,
1112 2643 1166 2706 his

117 2742 264 2806 testibus
301 2743 596 2808 consentientibus
634 2763 778 2826 quorum
815 2743 957 2807 inferius
996 2743 1165 2807 uocabula

117 2849 339 2907 caraxantur.

170 2943 211 3022 »14
234 2941 310 3024 Ego
328 2941 488 3006 AEbelred
505 2940 699 3023 Anglorum
712 2941 864 3006 basileus
877 2942 1071 3024 praefatum
1085 2941 1168 3006 hos-

117 3042 198 3124 picii
226 3042 355 3107 donum
384 3062 461 3106 cum
493 3038 636 3107 dimidio
657 3040 806 3123 piscario
849 3042 989 3108 Christo
1026 3042 1168 3125 eiusque

118 3142 284 3225 apostolis
316 3143 480 3208 concessi.
549 3144 588 3223 »14
626 3142 701 3223 Ego
734 3139 857 3205 AEllrio
890 3142 1167 3207 Dorouernensis

118 3242 395 3326 archiepiscopus
426 3243 707 3325 praenominatae
734 3240 848 3304 trinae
875 3240 1053 3306 donationi
1085 3262 1168 3307 con-

119 3344 210 3407 sensi
226 3350 262 3407 et
277 3342 448 3407 benedixi.
506 3343 548 3428 »14
568 3343 645 3424 Ego
668 3339 815 3403 Ealdulf
839 3340 1068 3405 Eboracensis
1089 3360 1167 3405 aeo-

118 3441 244 3507 clesiae
258 3442 536 3526 archiepiscopus
553 3441 633 3506 huic
650 3441 766 3521 regiae
781 3439 1015 3522 dapsilitatem
1032 3445 1170 3504 susten-

120 3543 244 3608 tationi
269 3543 355 3607 satis
386 3543 533 3625 largiter
564 3541 750 3623 impertiui.
816 3542 855 3621 »14
887 3540 963 3622 Ego
994 3538 1168 3622 AElpbeah

119 3641 369 3708 Wmtoniensis
385 3641 571 3707 aecclesiae
589 3641 773 3723 episcopus
791 3639 879 3704 banc
896 3639 1088 3723 praelatam
1105 3639 1168 3703 do·

120 3744 295 3808 nationem
326 3743 402 3806 noti
429 3760 573 3824 compos
604 3742 750 3805 obtinui.
822 3743 861 3822 »14
901 3740 978 3822 Ego
1014 3738 1168 3804 Wllstan

121 3840 373 3907 Lundoniensis
398 3842 585 3906 aecclesiae
609 3841 792 3923 episcopus
814 3839 895 3904 huic
917 3839 1029 3903 eidem
1048 3858 1170 3922 saepe-

121 3943 319 4007 nominatae
327 3942 582 4006 munificentiae
594 3946 847 4006 consentaneus
864 3939 976 4003 extiti.
1030 3939 1075 4023 »14
1094 3939 1171 4022 Ego

19 4035 21 4043 ’
121 4042 270 4125 Wllsige
296 4042 479 4124 episcopus
505 4041 674 4107 consensi.
731 4042 770 4121 »14
804 4039 881 4120 Ego
908 4037 1075 4105 AElfheab
1103 4040 1172 4123 epi-

120 4162 244 4227 scopus
259 4141 475 4223 consignant.
531 4144 571 4223 »14
592 4141 669 4222 Ego
690 4139 868 4222 Ordbrybt
887 4139 1069 4222 episcopus
1091 4159 1173 4204 con-
