2850 4876
435 360 607 409 curnula
630 360 975 409 aucuosaxourcru.
1172 341 1237 408 105

189 520 227 600 ᾧ
249 516 325 600 Ego
342 565 350 581 .
367 516 485 600 Osgar
502 563 511 580 .
526 516 605 582 abit.
766 518 805 598 ›1‹
828 515 905 596 Ego
922 512 1051 582 ,Oslac
1066 559 1074 574 .
1090 513 1175 578 dux.

185 618 226 698 ›1‹
246 618 323 700 Ego
339 663 349 681 .
365 616 520 698 edelgar
535 616 612 713 abb.
762 616 801 696 ›1‹
823 614 900 698 Ego
916 659 925 678 .
941 612 1138 700 aebelweard
1154 612 1222 678 ,riu

233 717 277 802 ›1‹
296 715 375 798 Ego
391 762 401 781 .
418 714 551 798 aelfsige
570 761 577 776 .
593 713 640 783 iri.

233 816 277 901 ›1‹
295 814 373 897 Ego
390 861 400 879 .
415 813 588 879 aelfweard
605 860 613 876 .
631 812 675 876 iri.

235 916 276 996 ›1‹
297 914 375 996 Ego
393 960 402 978 .
420 913 574 996 byrhtric
592 959 600 977 .
617 912 661 977 ffi.

235 1014 279 1099 >1⁴
298 1014 375 1095 Ego
393 1059 402 1076 .
418 1012 576 1078 leofwine
592 1011 659 1076 .r'1i.

235 1114 276 1194 *1⁴
299 1113 377 1196 Ego
394 1159 403 1177 .
420 1112 564 1215 eanulf.
580 1109 625 1177 iri.

570 1312 838 1380 uccuxxv.

509 1435 766 1540 *sincia
787 1460 864 1526 ere.

234 1615 278 1701 ›1‹
299 1610 507 1679 Rucunuru
527 1611 565 1678 in
590 1620 795 1696 perpetuum
822 1610 962 1677 domino
985 1620 1104 1679 nostro
1128 1614 1234 1681 Ihesu

186 1714 335 1791 Christo,
349 1732 484 1778 summo
500 1712 567 1794 [et]
585 1711 749 1776 ineffabili
763 1730 877 1775 rerum
893 1718 1047 1778 creatore
1061 1733 1103 1779 ae
1117 1715 1234 1781 mode·

185 1823 299 1878 ratore
316 1813 482 1890 omnium,
499 1819 723 1895 temporaque
744 1830 808 1875 sua
829 1810 1032 1877 multimodo
1049 1814 1234 1898 disponens

183 1914 396 1996 temporibus
410 1912 601 1996 potentiam
616 1919 656 1976 ut
669 1910 819 1975 uoluerit
840 1911 943 1975 finem
965 1913 1130 1996 imponet,
1148 1922 1183 1980 et
1198 1917 1233 1980 in

184 2013 247 2077 bac
272 2013 348 2077 uita
376 2011 580 2094 degentibus
611 2011 744 2075 cunctis
773 2017 905 2074 eertum
938 2018 977 2076 ut
1006 2024 1235 2095 proposuerat

181 2113 316 2177 dierum
334 2112 516 2177 terminum
532 2110 730 2175 constituet.
781 2109 1003 2193 Quapropter
1017 2130 1083 2193 ego
1094 2112 1236 2195 Eadgar

184 2213 294 2278 totius
313 2211 530 2276 Brittanniae
552 2209 715 2287 basileus,
729 2209 902 2292 quandam
919 2211 1009 2274 ruris
1028 2211 1233 2294 particulam

185 2330 234 2377 .v,
251 2311 412 2377 uidelicet
430 2318 600 2387 cassatus,
617 2309 653 2373 iu
671 2308 749 2373 loco
765 2310 825 2393 qui
837 2308 963 2375 celebri
981 2316 1027 2374 aet
1043 2309 1234 2378 Hamstede

185 2415 407 2494 nuncupatur
436 2410 619 2486 uocabulo,
642 2408 779 2472 cuidam
806 2409 964 2474 ministro
995 2409 1079 2473 mibi
1106 2412 1234 2494 oppido

180 2511 280 2574 tideli
294 2508 354 2593 qui
374 2510 417 2573 ab
435 2508 577 2573 huiusce
593 2508 727 2592 patriae
745 2509 910 2590 gnosticis
927 2509 1034 2574 nobili
1057 2509 1235 2593 Mangoda

183 2609 383 2693 appellatur
409 2615 581 2685 onomate,
609 2627 672 2691 pro
705 2608 870 2690 obsequio
898 2609 973 2673 eius
1001 2607 1235 2690 deuotissimo‚

186 2716 355 2793 perpetua
368 2707 515 2790 largitus
530 2727 604 2771 sum
621 2707 843 2784 haereditate,
858 2714 897 2772 ut
912 2709 999 2791 ipae,
1009 2710 1084 2775 uita
1098 2710 1236 2791 comite,

185 2829 264 2873 cum
296 2808 454 2873 omnibus
492 2807 708 2884 utensilibus,
739 2806 850 2890 pratis
881 2807 1051 2889 uidelicet,
1084 2811 1236 2892 pascuis,

180 2908 298 2985 siluis,
321 2908 394 2972 uoti
420 2926 560 2989 compos
584 2906 730 2982 habeat;
769 2914 804 2971 et
829 2915 910 2990 post
935 2908 1029 2972 uitae
1055 2927 1138 2973 suae
1166 2918 1234 2976 ter-

186 3009 318 3073 minum
348 3006 620 3090 quibuscumque
645 3005 795 3071 uoluerit
817 3005 1022 3072 cleronomis
1050 3007 1235 3075 immunem

189 3105 413 3188 derelinquat.
457 3105 511 3171 Sit
531 3113 646 3181 autem
667 3105 879 3188 praedictum
896 3125 956 3170 rus
973 3108 1065 3172 omui
1079 3115 1236 3175 terrenae

189 3206 365 3272 seruitutis
386 3205 469 3286 iugo
486 3205 643 3282 liberum,
666 3206 776 3269 tribus
796 3207 964 3288 exceptis,
978 3213 1057 3271 rata
1075 3208 1236 3275 uidelicet

189 3306 419 3389 expeditione,
450 3304 565 3386 pontis
598 3305 732 3369 arcisue
765 3305 1026 3368 restauratione.
1088 3306 1126 3371 Si
1159 3307 1237 3390 quis

190 3404 296 3487 igitur
310 3404 400 3468 hanc
421 3411 576 3469 nostram
592 3404 811 3468 donationem
827 3403 864 3466 in
880 3403 974 3468 aliud
990 3422 1094 3487 quam
1109 3408 1236 3472 consti-

190 3506 317 3568 tuimus
341 3504 526 3568 transferre
543 3503 702 3581 voluerit,
725 3504 884 3587 priuatus
906 3502 1080 3568 consortio
1096 3511 1237 3571 sanctae

188 3603 241 3668 dei
257 3602 455 3679 aecclesiae,
469 3604 617 3668 aeternis
632 3603 787 3667 barathri
800 3602 965 3667 incendiis
980 3601 1136 3685 lugubris
1148 3604 1239 3686 iugi.

190 3710 241 3767 ter
267 3723 345 3767 cum
374 3701 465 3766 Inda
487 3701 615 3767 christi
643 3702 819 3785 proditore
847 3704 989 3784 eiusque
1014 3702 1236 3785 complicibus

190 3803 365 3888 puniatur,
390 3803 420 3865 si
453 3821 521 3865 nou
551 3801 787 3866 satisfactione
809 3801 1043 3866 emendauerit
1071 3821 1236 3883 congrua,

189 3902 282 3984 quod
307 3907 430 3966 contra
456 3908 612 3964 nostrum
638 3900 784 3982 deliquit
808 3901 992 3964 decretum.
1046 3899 1114 3964 His
1135 3904 1237 3969 metis

187 4001 382 4082 praefatum
398 4021 457 4063 rus
469 3999 547 4062 hinc
563 3999 640 4063 inde
656 4007 810 4081 gyratur.
849 3999 915 4064 Dis
930 3997 1062 4081 syndon
1076 4003 1123 4065 tta
1140 4001 1237 4066 land·

186 4089 341 4180 gema‘ara
364 4089 402 4163 tf>
430 4089 634 4164 Hamstede.
689 4098 739 4160 Of
760 4096 962 4178 Sandgatan
991 4089 1059 4164 siue
1085 4099 1237 4184 andlang
