2850 4876
183 325 227 388 46
442 339 613 388 caiuma
638 338 976 389 aucuosaxorucan.

186 507 309 565 stanus
318 498 412 563 filius
426 497 581 579 suscepit
592 517 749 579 regnum,
762 517 865 581 quem
877 498 1041 564 uidelicet
1052 517 1170 580 regem
1184 515 1238 561 re·

186 600 331 684 quisiuit
352 599 442 663 idem
466 597 581 674 Godo,
600 607 638 662 ut
656 618 719 681 pro
737 619 778 663 eo
794 619 849 662 me
867 605 1006 680 rogaret
1023 599 1189 682 quatinus
1204 597 1240 661 ei

188 700 365 764 redderem
386 698 491 763 libros
511 704 680 762 terrarum
703 718 855 763 suarum.
900 699 977 781 Ego
995 707 1112 765 autem
1129 698 1238 763 liben-

189 809 255 877 ter,
271 799 409 865 deuicta
423 817 551 874 amore,
566 797 727 863 uidelicet
741 799 833 881 regis
848 799 1056 877 AEttelstani,
1068 800 1101 864 ei
1116 818 1239 864 omnes

187 899 294 964 libros
330 907 501 965 terrarum
539 917 680 963 suarum
715 899 857 976 reddidi,
892 908 1038 983 excepto
1071 900 1159 964 libro
1193 899 1239 964 de

189 1000 408 1075 Osterlaude,
441 1019 541 1083 quem
573 998 706 1064 sedicet
731 999 906 1064 humiliter
936 1001 1029 1065 bona
1054 1000 1238 1065 uoluntate

188 1101 328 1165 dimisit.
381 1099 532 1182 Insuper
548 1117 615 1181 pro
636 1119 673 1163 se
693 1106 728 1164 et
748 1101 907 1164 omnibus
928 1101 1128 1183 parentibus
1150 1101 1236 1177 suis,

187 1202 280 1265 natis
296 1209 331 1265 et
348 1200 499 1265 nondum
522 1200 626 1276 natis,
642 1219 838 1283 nuncquam
862 1201 1140 1284 quaeremoniam
1163 1200 1238 1265 fac-

188 1309 285 1366 turos
302 1302 344 1366 de
360 1300 537 1384 praedicta
550 1307 655 1377 terra,
670 1319 787 1365 secum
804 1302 955 1384 acceptis
966 1302 1124 1366 undecim
1141 1320 1236 1365 com·
1254 1300 1259 1309 '

187 1403 329 1485 paribus
351 1402 435 1479 suis,
461 1399 564 1463 michi
590 1409 845 1465 sacramentum
870 1401 961 1466 fecit.
1014 1401 1094 1466 Hoc
1120 1408 1238 1466 autem

188 1502 318 1566 factum
332 1509 386 1565 est
400 1502 435 1565 in
447 1500 523 1564 loco
534 1500 593 1583 qui
606 1501 802 1565 nominatur
813 1501 964 1566 Hammo
977 1502 1078 1567 iuxta
1092 1501 1238 1567 Laewes.

190 1602 267 1684 Ego
285 1608 399 1665 autem
419 1601 590 1683 Eadgyua
606 1601 711 1665 habui
725 1608 852 1666 terram
865 1622 943 1666 cum
958 1602 1047 1667 libro
1058 1603 1100 1666 de
1117 1601 1239 1666 Oster-

188 1701 291 1766 lande
313 1702 433 1766 diebus
457 1701 602 1765 duorum
625 1721 745 1783 regum
764 1702 961 1767 AEselstani
983 1709 1018 1766 et
1040 1702 1238 1767 Eadmundi

189 1802 336 1866 fihorum
358 1821 531 1880 meorum3
555 1800 715 1865 Eadredo
736 1821 875 1885 quoque
892 1822 974 1884 rege
991 1802 1063 1867 filio
1078 1821 1156 1866 meo
1175 1802 1235 1867 de-

191 1901 322 1978 functo,
344 1901 538 1984 despoliata
558 1920 634 1965 sum
654 1903 811 1966 omnibus
835 1902 935 1967 terris
955 1903 1042 1967 meis
1063 1908 1098 1967 et
1121 1904 1238 1968 rebus.

189 2004 270 2068 Duo
286 2021 423 2085 quoque
441 2001 504 2065 filii
519 2001 588 2065 iam
603 2003 875 2085 saepenominati
892 2002 1061 2079 Godonis,
1078 2002 1240 2068 Leofsta-

189 2122 254 2168 nus
271 2111 307 2167 et
325 2102 516 2179 Leofricus,
537 2102 754 2167 abstulerunt
775 2102 880 2168 michi
901 2103 988 2167 duas
1004 2103 1163 2186 superius
1177 2123 1238 2169 no-

187 2205 336 2268 minatas
350 2212 460 2269 terras
476 2201 640 2285 culinges
655 2210 692 2269 et
708 2202 924 2281 Osterlande,
939 2211 1176 2287 ueneruntque
1193 2204 1238 2269 ad

187 2324 331 2387 puerum
358 2303 565 2380 Eaduuium,
596 2305 655 2388 qui
686 2311 767 2368 tunc
795 2305 932 2368 nouiter
956 2303 1093 2369 leuatus
1114 2311 1175 2369 est
1201 2305 1238 2368 in

188 2425 317 2488 regem,
333 2412 368 2469 et
385 2404 550 2468 dixerunt
566 2422 603 2467 se
622 2405 786 2468 maiorem
802 2405 974 2469 iusticiam
991 2404 1113 2469 inillis
1136 2405 1239 2469 terris

188 2505 314 2569 hahere
330 2523 433 2587 quam
449 2523 527 2586 ego.
580 2503 749 2568 Remansi
765 2523 848 2586 ergo
865 2505 934 2570 illis
955 2505 1057 2570 terris
1074 2511 1110 2569 et
1127 2506 1238 2571 omni·

188 2605 253 2669 bus
281 2604 359 2668 aliis
390 2603 530 2687 priuata
560 2622 669 2687 usquo
696 2604 739 2669 ad
771 2611 928 2687 tempora
955 2605 1110 2688 Eadgari
1131 2606 1237 2688 regis.

183 2704 347 2785 Quicum
361 2703 516 2769 audisset
530 2723 585 2768 me
598 2705 649 2769 ita
663 2704 924 2771 dehonestatam
940 2725 981 2771 ae
995 2705 1239 2789 despoliatam,

184 2805 407 2889 congregatis
437 2804 650 2886 principibus
673 2813 708 2870 et
725 2805 938 2890 sapientibus
955 2804 1117 2888 Angliae,
1133 2806 1239 2873 iutel-

187 2905 275 2971 lexit
297 2906 388 2970 enim
410 2925 464 2970 me
486 2924 565 2969 cum
591 2925 718 2988 magna
746 2906 922 2971 iniusticia
948 2908 1050 2971 rebus
1074 2914 1110 2972 et
1134 2907 1239 2972 terris

189 3006 274 3070 meis
299 3006 539 3089 despoliatam,
561 3004 652 3070 idem
675 3027 737 3071 rex
767 3007 950 3089 Eadgarus
975 3006 1128 3072 restituit
1153 3008 1240 3073 mihi

188 3113 299 3171 terras
327 3125 421 3169 meas
450 3112 486 3171 et
515 3106 631 3171 omnia
652 3126 739 3172 mea.
790 3107 867 3189 Ego
895 3114 1010 3172 autem
1036 3107 1178 3173 licentia
1203 3117 1239 3174 et

188 3226 359 3271 consensu
379 3205 472 3270 illius
489 3207 755 3290 testimonioque
771 3207 925 3273 omnium
948 3209 1189 3292 episcoporum
1203 3216 1240 3274 et

189 3307 394 3390 optimatum
409 3325 562 3384 suorum,
578 3326 696 3373 omnes
712 3316 823 3373 terras
837 3327 932 3372 meas
949 3316 985 3373 et
999 3308 1105 3373 libros
1126 3314 1239 3375 terra·

188 3426 264 3471 rum
281 3406 422 3490 propria
436 3427 541 3471 manu
556 3427 635 3472 mea
650 3409 750 3491 posui
765 3426 869 3491 super
882 3407 992 3473 altare
1005 3407 1134 3473 Christi
1145 3430 1237 3493 quae

187 3507 257 3572 sita
275 3508 380 3572 estin
395 3506 623 3571 Dorobernia.
674 3506 712 3571 Si
734 3507 813 3589 quis
834 3506 923 3571 hanc
945 3528 1057 3572 meam
1078 3508 1235 3577 donatio·

188 3627 267 3672 nem
282 3627 304 3673 a
319 3609 396 3672 iure
412 3606 610 3690 praedictae
627 3605 794 3676 ecclesiae
807 3607 943 3673 auferre
958 3616 1103 3674 conatus
1120 3610 1237 3690 fuerit,

187 3709 324 3773 auferat
340 3707 372 3770 ei
389 3706 606 3797 omnipotens
623 3707 707 3771 deus
722 3726 866 3789 regnum
881 3728 994 3773 suum.

240 3806 449 3873 Confirmatio.
495 3806 571 3889 Ego
587 3807 805 3885 AEttelredus,
822 3809 878 3873 dci
895 3809 1087 3892 opitulante
1103 3810 1236 3877 miseri·

187 3908 305 3972 cordia
321 3908 428 3972 totius
443 3904 614 3989 Anglieae
635 3908 749 3989 gentis
771 3909 925 3992 regimen
948 3910 1107 3987 tenendo,
1129 3911 1237 3992 priui-

186 4008 286 4088 legiis
309 4006 437 4071 auditis
459 4007 735 4090 ueter[a]norum
757 4009 966 4092 sapientum,
984 4011 1097 4075 cordis
1121 4017 1237 4077 tactus

187 4107 461 4188 compunctione,
486 4107 750 4191 archipraesulis
771 4109 1012 4175 exhortatione
1034 4109 1169 4189 Alfrici,
1191 4110 1236 4175 ad
