2850 4876
465 287 650 338 ,casarea
671 286 1021 338 auonossxorucnn.
1209 267 1276 335 169

221 440 311 510 wold
324 443 510 526 episcopus
528 445 724 527 conquieui.
780 444 825 529 ›1‹
843 443 921 526 Ego
941 442 1069 508 Eadric
1090 441 1177 506 dux.
1228 443 1270 523 »1⁴

220 543 297 626 Fgo
319 543 450 607 AEltric
476 542 561 607 dux.
616 543 662 628 ›1‹
686 544 762 626 Ego
791 544 968 608 Leofwine
991 542 1075 606 dux.
1131 542 1175 625 ᾖ
1198 541 1283 624 Ego

221 642 451 710 Ubtreddux.
505 642 939 726 fflEgoAEttelmaerdux.
994 640 1273 726 fflEgoGodric

219 743 306 808 dux.
354 743 399 827 »Β
420 742 497 824 Ego
513 743 694 808 Eadmund
704 744 808 828 clyto.
865 743 905 822 ›1‹
923 743 998 824 Ego
1010 741 1157 823 Eadwig
1168 741 1275 825 clyto.

218 842 266 928 ›1‹
284 842 363 924 Ego
375 842 566 907 Eadweard
578 843 682 926 clyto.
712 843 757 928 »Β
775 843 851 924 Ego
867 842 998 908 AElfred
1009 842 1113 926 clyto.
1138 843 1182 926 ›1‹
1198 842 1274 924 Ego

223 941 427 1007 Beorbtraed
444 942 553 1006 abbas
569 942 716 1007 libenter
730 943 908 1007 annotaui.
965 944 1005 1024 »χι
1022 941 1100 1023 Ego
1111 941 1277 1023 Wulsgar

221 1042 332 1107 abbas
354 1041 531 1106 humiliter
547 1043 716 1107 consensi.
773 1043 813 1123 ›1‹
834 1042 911 1122 Ego
925 1041 1075 1122 AElssige
1092 1041 1200 1104 abbas
1218 1041 1277 1104 be·

223 1140 375 1223 nigniter
389 1141 585 1206 subarraui.
639 1143 683 1226 »Β
703 1142 780 1224 Ego
801 1140 947 1207 AElfnott
966 1142 1074 1205 abbas
1097 1147 1279 1222 gratanter

223 1241 367 1316 munini.
404 1243 451 1325 ›1‹
467 1241 544 1322 Ego
556 1241 743 1306 Brihtmaer
755 1243 864 1307 abbas
875 1241 1060 1306 clementer
1073 1241 1276 1323 subscripsi.

229 1342 271 1424 ›1‹
291 1341 370 1423 Ego
394 1339 557 1424 Ultkytel
574 1341 743 1408 minister.
810 1343 848 1423 ›1‹
870 1340 947 1422 Ego
968 1339 1139 1406 Godwine
1159 1341 1278 1407 minis·

226 1447 291 1507 ter.
374 1442 414 1522 ›1‹
449 1441 527 1523 Ego
553 1440 696 1524 AElfgar
733 1441 900 1506 minister.
979 1442 1019 1522 ›1‹
1058 1440 1137 1522 Ego
1177 1439 1279 1509 Odda

225 1541 394 1605 minister.
463 1542 503 1622 ›1‹
533 1541 611 1624 Ego
640 1540 861 1609 AEttelwcard
890 1541 1057 1605 minister.
1129 1542 1169 1622 ›1‹
1200 1541 1278 1623 Ego

229 1640 391 1722 Wulsgar
415 1640 583 1706 minister.
651 1644 691 1724 ›1‹
719 1642 796 1726 Ego
821 1640 982 1706 AElfmarr
1008 1641 1176 1706 minister.
1232 1642 1272 1722 ›1‹

226 1740 304 1824 Ego
318 1740 522 1807 Wullwerd.
977 1752 980 1755 ’

436 2033 440 2040 ,
661 1955 852 2023 ucccx.

561 2097 821 2177 mannaan,
843 2098 942 2163 1015.

280 2243 322 2323 »1⁴
354 2241 526 2306 Bnurcus
556 2248 592 2306 et
617 2239 799 2306 ineffabilis
831 2238 1053 2322 almifluaque
1084 2238 1279 2306 diuinitatis

223 2340 390 2406 ,maiestas
404 2343 441 2407 in
457 2361 494 2406 se
508 2342 721 2406 inmutabilis
737 2360 964 2430 perseuerans
981 2339 1126 2403 liberum
1143 2341 1278 2405 cunctis

230 2441 400 2505 concessit
415 2432 617 2506 mortalibus
634 2442 814 2506 arbitrium
826 2448 866 2505 ut
878 2447 999 2504 sancte
1007 2448 1043 2504 et
1054 2441 1144 2504 iuste
1155 2440 1280 2523 pieque

230 2540 399 2618 uiuentes,
422 2542 534 2607 autin
556 2543 755 2606 summitate
773 2541 931 2624 polorum
949 2540 1107 2622 angelica
1122 2539 1282 2604 fruantur

230 2639 408 2719 beatitate,
423 2642 480 2705 uel
497 2641 731 2706 inobedientes
748 2640 941 2724 praeceptis
962 2640 1056 2707 illius
1078 2641 1281 2719 existentes,
1356 2704 1358 2708 .

231 2758 307 2803 cam
321 2741 483 2806 tartareis
498 2742 665 2806 ministris
680 2741 840 2805 infernali
853 2741 1060 2806 claudantur
1072 2741 1280 2806 calamitate.

231 2837 370 2906 Idcirco
398 2842 480 2905 totis
507 2841 735 2924 satagendum
763 2848 815 2905 est
845 2841 977 2905 uiribus
1001 2850 1041 2907 ut
1068 2841 1129 2923 qui
1157 2840 1281 2927 opibus

232 2939 434 3005 habundant
455 2942 649 3020 mundanis,
666 2960 745 3006 cum
767 2941 913 3006 terrenis
929 2940 1124 3024 Olympica‚
1143 2960 1183 3006 ac
1200 2961 1279 3007 cnm

231 3039 370 3106 caducis
392 3060 566 3120 mansura,
581 3061 728 3124 cumque
749 3041 957 3104 transitoriis
979 3048 1015 3106 et
1035 3043 1281 3107 momentaneis

232 3141 335 3205 rebus
354 3148 522 3224 perpetua
543 3148 740 3206 mercantur
760 3140 971 3215 habitacula,
988 3139 1048 3204 ubi
1066 3142 1281 3208 omnitenens

229 3239 386 3306 conditor
407 3241 515 3306 cosmi
535 3243 572 3305 in
588 3241 689 3306 trinis
711 3239 940 3304 essentialiter
958 3238 1111 3303 existens
1128 3243 1282 3323 personis

233 3350 268 3404 et
293 3359 364 3405 uno
382 3341 659 3406 substantialiter
683 3357 887 3423 permanens
913 3345 1083 3416 onomate,
1102 3341 1282 3423 ymnidicis

232 3440 482 3523 circumseptus
494 3441 695 3524 angelorum
711 3440 861 3522 undique
873 3439 999 3516 choris,
1013 3439 1236 3504 inennarabili
1248 3450 1283 3507 et

232 3534 467 3622 inuestigabili
483 3541 618 3623 fulgore
635 3540 827 3624 splendenti
844 3538 970 3605 residet
986 3539 1086 3617 solio,
1104 3539 1163 3605 ubi
1178 3541 1283 3605 etiam

230 3642 447 3705 coruscantia
462 3642 713 3724 patriarcarum
733 3639 875 3722 agmina
898 3659 939 3705 ac
964 3639 1116 3704 ueridica
1132 3640 1282 3722 propbe-

233 3747 347 3806 tarum
375 3741 678 3824 apostolorumque
703 3743 806 3806 turba
830 3748 865 3805 et
893 3742 1072 3805 beatorum
1095 3739 1283 3806 uictoriosa

229 3848 423 3924 martyram
454 3849 606 3917 caterua,
635 3860 767 3905 necnon
800 3848 835 3905 et
866 3839 1020 3922 gloriosa
1049 3839 1282 3905 consessorum

233 3941 476 4025 uirginumque
510 3948 637 4016 turma,
673 3941 735 4005 sed
774 3948 810 4004 et
850 3939 1042 4003 clarissima
1078 3948 1282 4006 cunctarum

231 4040 434 4106 coelestium
459 4041 630 4105 uirtutum
652 4039 797 4116 familia,
822 4039 859 4104 in
883 4038 1047 4124 perhenni
1070 4039 1182 4121 gloria
1203 4060 1283 4106 cum
