2850 4876
443 342 618 391 ennoean
641 344 987 393 auotossxosrcse.
1196 331 1242 395 :35

213 496 251 560 n'e
263 497 403 563 ascaden
417 499 507 563 fram
520 498 620 564 Gode
632 501 702 565 and
720 501 807 565 t'ram
823 502 949 566 callum
966 502 1019 567 bis
1030 524 1239 583 gecorenun,

213 588 299 663 lton
315 600 359 665 he
374 599 427 665 hit
442 620 498 664 me
515 592 665 666 ddmlice
682 592 819 684 gebeite
836 592 887 667 {ier
902 603 955 667 bis
971 604 1081 667 aende.

572 898 861 965 uccxxxu.

549 1014 772 1127 siccin,
793 1049 868 1115 961.

242 1199 279 1281 ἢ
300 1197 347 1263 Iu
370 1199 509 1263 nomine
528 1198 657 1263 domini
676 1201 786 1263 nostri
806 1200 912 1264 Ibesu
929 1200 1081 1265 Christi!
1137 1201 1235 1268 Licet

198 1298 275 1363 enim
289 1299 432 1364 decreta
447 1300 647 1382 pontificum
661 1308 696 1364 et
714 1301 821 1364 uerba
836 1301 1053 1366 sacerdotum
1071 1304 1122 1366 uti
1140 1323 1237 1368 mon-

197 1398 270 1463 tium
286 1399 513 1465 fundamenta
523 1399 728 1465 indistrictis
745 1400 966 1482 ligaminibus
982 1403 1138 1467 stabilita
1154 1406 1236 1481 sint,

194 1504 299 1565 tamen
327 1501 528 1584 plerumque
552 1503 817 1585 tempestatibus
838 1511 874 1566 et
897 1503 1092 1567 turbinibus
1120 1524 1233 1569 rernm

191 1600 438 1666 mundanarum
454 1602 559 1666 etium
582 1600 705 1685 religio
723 1610 867 1666 unctae
885 1603 941 1666 dei
961 1603 1149 1668 aecclesiae
1165 1626 1237 1670 ma-

189 1700 270 1766 culis
302 1704 527 1784 reproborum
558 1703 750 1786 disdpatur
778 1722 820 1766 ao
848 1703 1030 1785 frangitur.
1084 1704 1236 1789 ldeoquc

188 1799 398 1884 incognitum
419 1803 614 1867 futurorum
635 1811 831 1885 temporum
854 1814 987 1868 statum
1014 1806 1236 1887 procidentes

187 1903 333 1985 posteris
352 1902 615 1968 succedentibus
637 1903 827 1986 proficuum
849 1924 924 1968 esse
945 1904 1173 1983 decreuimus,
1195 1916 1235 1971 ut

186 2022 332 2088 eaquae
353 2005 523 2070 communi
541 2003 768 2079 meditationi,
783 2004 914 2068 salubri
935 2005 1094 2081 consilio,
1115 2005 1234 2070 defini-

187 2112 289 2169 untur
319 2106 423 2169 sertis
455 2104 618 2168 litterulis
649 2104 839 2169 firmentur.
900 2103 1136 2182 Quamobrem
1168 2127 1235 2188 ego

186 2203 326 2287 Eadgar
341 2226 404 2269 rex
421 2202 614 2285 Anglornm
629 2205 767 2268 cuidam
782 2204 940 2268 ministro
955 2206 1016 2287 qui
1031 2224 1053 2267 a
1067 2208 1235 2287 gnosticis

186 2306 290 2371 nobili
306 2306 478 2389 Bymsige
496 2304 693 2388 appellatur
709 2305 891 2382 uocabulo,
909 2305 1082 2387 quandam
1101 2305 1235 2372 telluris

186 2406 390 2490 particulam
406 2423 455 2473 .ν.
469 2405 630 2469 uidelicet
639 2413 811 2482 cassatos,
824 2405 885 2469 illo
897 2405 933 2469 in
949 2406 1025 2471 loco
1040 2407 1098 2471 ubi
1112 2426 1135 2471 a
1146 2411 1234 2472 ruri-

185 2507 268 2573 colis
290 2515 339 2571 aet
362 2506 600 2571 Eblesburnan
621 2514 844 2588 nuncupatur
861 2507 1045 2584 uocabulo,
1066 2518 1235 2592 perpetua

185 2606 331 2692 largitus
362 2628 438 2671 sum
465 2605 691 2682 haereditate,
717 2614 758 2670 ut
782 2607 869 2688 ipse,
894 2608 969 2671 uite
996 2611 1133 2685 comite,
1155 2629 1234 2673 cum

186 2707 344 2774 omnibus
357 2706 564 2772 utensilibus
579 2707 654 2770 uoti
666 2725 808 2788 compos
825 2705 951 2771 babeat
964 2734 973 2781 ;
993 2718 1028 2772 et
1043 2718 1124 2791 post
1141 2711 1234 2775 uitae

186 2828 266 2875 suae
289 2809 473 2875 terminum
495 2807 768 2891 quibuscumque
789 2807 939 2871 uoluerit
954 2808 1158 2874 cleronomis
1180 2811 1233 2874 in-

186 2928 321 2975 munem
339 2910 566 2992 derelinquat
618 2906 673 2972 Sit
696 2916 813 2972 autem
836 2907 1050 2990 praedictum
1066 2930 1126 2974 rus
1141 2913 1234 2975 omni

185 3016 341 3076 terrenae
362 3009 542 3100 seruitutis
558 3008 641 3089 iugo
657 3008 815 3083 liberum,
833 3009 944 3072 tribus
958 3012 1127 3093 exceptis,
1142 3020 1232 3090 rata,

187 3112 357 3188 uidelicet,
372 3109 603 3194 expeditione,
619 3110 735 3191 pontis
752 3109 885 3174 amisue
896 3112 1159 3176 restauratione.
1196 3112 1233 3177 Si
1321 3163 1327 3169 .

186 3214 261 3296 quis
286 3212 396 3295 igitur
414 3212 504 3275 banc
532 3217 685 3273 nostram
710 3210 932 3273 donationem
954 3211 991 3272 in
1010 3211 1105 3276 aliud
1128 3232 1232 3295 quam

185 3313 423 3379 constituimus
458 3309 643 3375 transferre
674 3309 837 3383 noluerit,
867 3309 1026 3389 priuatus
1059 3314 1232 3377 consortio

185 3422 325 3479 sancme
341 3412 396 3476 dei
411 3411 599 3477 aecclesiae
610 3411 760 3475 aeternis
777 3407 932 3472 barathri
946 3408 1114 3474 incendiis
1130 3411 1232 3493 lugu·

185 3513 265 3591 bris,
284 3513 412 3594 iugiter
435 3532 513 3576 cum
532 3510 622 3575 Iuda'
638 3511 768 3575 Christi
788 3509 964 3593 proditore
979 3510 1121 3594 eiusque
1138 3530 1232 3574 com·

185 3615 330 3696 plicibus
363 3614 540 3696 puniatur,
573 3612 602 3675 si
633 3631 702 3675 non
732 3610 970 3675 satisfactione
999 3611 1233 3677 emendauerit

184 3733 337 3797 congrua
347 3713 440 3796 quod
451 3721 607 3777 nostrum
622 3719 744 3775 contra
762 3711 909 3793 deliquit
925 3711 1110 3776 decretum.
1162 3712 1232 3776 His

183 3817 282 3880 metis
306 3813 501 3897 praefatum
528 3831 587 3875 rus
614 3809 670 3874 hic
696 3811 774 3875 inde
800 3818 956 3894 gyratur.
1001 3813 1064 3875 Dis
1082 3811 1169 3895 synd
1184 3817 1233 3878 tia

182 3904 403 3998 landgem‘e're
416 3902 506 3979 aare
524 3929 566 3974 .ν.
582 3902 666 3974 hida
681 3920 727 3975 aet
747 3911 997 3975 Eblesburnan.
1051 3912 1170 3976 AErest
1186 3934 1232 3978 on

182 4021 270 4081 bone
296 4013 420 4079 ealdan
445 4013 574 4092 wittig;
606 4017 720 4075 bonne
745 4011 785 4076 of
812 3999 894 4076 bam
922 4008 1044 4092 widige
1072 4003 1231 4078 oobsrtan

181 4121 270 4181 bone
292 4114 417 4179 ealdan
442 4101 622 4177 hamstede
648 4130 693 4172 on
716 4117 764 4175 tta
788 4102 946 4183 meddim
972 4111 1124 4193 andlang
1150 4106 1231 4178 bere

1046 4235 1062 4268 n
1074 4226 1089 4269 2
