2850 4876
462 361 635 410 curares
657 362 1003 414 nuntosaxouronu.
1201 356 1262 420 151

211 507 372 597 tingtsrn;
400 517 442 581 ol
458 507 538 583 itam
567 511 653 584 tune
679 525 751 584 itaet
773 540 818 585 on
841 523 1011 607 brittegan
1035 545 1189 601 aeceran;
1226 531 1265 595 ol

208 602 287 678 bam
310 634 436 681 aceran
459 638 504 682 on
525 609 693 701 ricwege;
722 609 797 684 swa
820 624 918 687 aefter
940 645 1036 707 wege
1061 624 1130 692 baet
1152 629 1258 694 innan

208 714 422 798 pederedan3
447 706 527 782 swa
552 718 648 783 aefter
676 720 869 802 pederedan
895 728 967 788 ’dart
990 725 1095 791 innan
1125 726 1257 805 Afen03

208 803 282 879 swa
305 816 404 880 aetter
425 817 560 882 strffime
582 824 655 884 itaet
677 820 706 884 it
733 829 835 904 cyma
860 842 904 887 on
928 825 1070 905 pedirid.
1122 827 1259 911 Scripta

207 914 271 979 suit
286 913 372 979 haec
387 918 521 982 cartula
535 918 689 983 decursis
704 921 804 984 annis
820 923 864 986 ab
879 924 1113 991 incarnatione
1128 928 1256 992 domini

207 1015 316 1079 nostri
333 1019 514 1099 nongentis
530 1018 651 1100 bisque
666 1020 765 1097 binis,
780 1021 816 1084 in
833 1041 936 1086 cursu
951 1023 1143 1091 millenario
1161 1029 1257 1110 equi·

206 1113 282 1176 dem
304 1117 419 1193 tertio,
434 1117 621 1182 indictione
644 1125 694 1184 .1¹.
718 1118 771 1184 bis
793 1123 939 1186 testibus
959 1142 1137 1190 assensum
1157 1147 1258 1210 prae·

205 1214 364 1278 bentibus
380 1236 526 1298 quorum
539 1217 595 1281 hic
610 1226 821 1284 caraxantur
834 1229 1004 1286 onomata.

258 1316 298 1395 ›1‹
331 1315 408 1397 Ego
442 1315 606 1381 AElielred
639 1319 748 1400 regali
781 1322 942 1403 prosapia
973 1332 1132 1406 comptus
1165 1324 1254 1388 banc

204 1432 299 1477 meae
315 1415 524 1498 dapsilitatis
546 1417 768 1482 donationem
790 1420 889 1500 signo
914 1422 1015 1502 agiae
1039 1424 1151 1488 crucis
1171 1443 1253 1488 con·

206 1512 309 1577 firmo.
382 1517 421 1597 ›1‹
456 1516 534 1598 Ego
572 1515 699 1581 AEllric
738 1518 1017 1602 archiepiscopus
1056 1523 1251 1590 corroboro.

207 1613 244 1694 ›1‹
270 1614 348 1695 Ego
374 1615 514 1680 Wlstan
543 1615 823 1701 archiepiscopus
852 1620 1037 1689 consolido.
1102 1624 1141 1704 ›1‹
1175 1623 1252 1706 Ego

202 1711 378 1797 Ordbyrbt
394 1716 576 1799 episcopus
591 1718 780 1782 consentio.
823 1721 862 1801 ›1‹
877 1720 955 1801 Ego
971 1721 1104 1804 Lifincg
1120 1722 1252 1805 episco-

200 1831 263 1894 pus
279 1815 467 1880 conscribo.
513 1818 552 1898 ›1‹
572 1817 647 1898 Ego
662 1815 773 1882 neuls
789 1819 972 1903 episcopus
992 1822 1154 1887 concedo.
1205 1825 1244 1905 ›1‹

201 1911 274 1995 Ego
294 1914 408 1981 AElsie
428 1918 535 1981 abbas
558 1917 732 1982 confirmo.
797 1921 836 2001 ›1‹
857 1920 934 2002 Ego
955 1921 1118 2003 Wulfgar
1141 1923 1249 1986 abbas

199 2015 371 2096 consigno.
422 2018 461 2098 ›1‹
488 2017 564 2099 Ego
592 2017 727 2083 Leofric
751 2020 859 2084 abbas
886 2019 1053 2086 conforto.
1110 2023 1149 2103 ›1‹
1170 2022 1248 2104 Ego

199 2112 322 2178 AElfric
338 2135 463 2180 comes.
1216 2107 1228 2133 ⁸

662 2211 783 2222 ———

646 2318 791 2385 Mccc.

525 2467 791 2544 AEDELRED,
813 2468 909 2530 1004.

243 2617 287 2700 ›1‹
305 2615 350 2679 IN
382 2616 519 2680 nomine
551 2615 679 2680 domini
712 2623 748 2680 et
777 2615 964 2680 saluatoris
995 2615 1104 2681 nostri
1137 2616 1244 2685 lbesu

194 2715 368 2796 Christil·
399 2718 438 2798 ›1‹
468 2717 544 2797 Ego
577 2715 785 2781 AE’delredus
816 2716 870 2779 dei
902 2717 1018 2799 gratia
1049 2715 1241 2799 Anglorum

192 2815 352 2893 basileus,
375 2817 514 2881 notifico
534 2818 633 2881 uobis
654 2816 811 2880 fidelibus
832 2817 984 2900 meisque
1003 2817 1134 2895 amicis,
1148 2820 1241 2900 quod

191 2916 362 2998 AEgelfled
375 2936 452 2981 meo
467 2937 631 2982 concessu
647 2917 734 2981 duas
749 2917 791 2981 de
807 2919 1023 2999 possessione
1039 2937 1104 2981 sua
1118 2925 1240 2997 terras,

191 3016 254 3081 deo
279 3017 324 3081 ad
352 3016 489 3081 laudem
516 3017 650 3100 sibique
679 3024 760 3099 post
790 3016 979 3082 discessum
1007 3017 1050 3082 ad
1080 3017 1239 3098 salutem,

189 3116 387 3181 beatissimo
407 3125 512 3199 atque
532 3117 665 3181 doctori
690 3117 843 3198 gentium
862 3116 975 3181 Paulo
996 3119 1138 3200 eiusque
1161 3139 1238 3184 aec·

188 3217 312 3281 clasiae
349 3216 513 3281 fratribus
551 3218 605 3281 die
649 3223 822 3298 noctuque
861 3215 1120 3293 famulantibus,
1159 3238 1237 3283 cum

187 3335 321 3380 summa
342 3317 524 3383 deuotione
546 3317 684 3394 obtulit,
705 3334 849 3398 quarum
872 3314 957 3378 baec
981 3323 1062 3379 suut
1085 3318 1235 3398 nomina,

186 3415 357 3499 Lageiare
381 3437 459 3481 cum
483 3424 633 3501 quatuor
656 3416 797 3493 mansis,
819 3422 855 3479 et
885 3413 1133 3479 Cocbamstede
1157 3435 1234 3481 cum

185 3516 319 3580 duabus
349 3518 488 3582 mansis.
534 3517 638 3581 Hanc
670 3536 753 3581 uero
784 3516 1004 3580 donationem
1032 3521 1233 3596 perpetuam
1321 3584 1325 3594 ,

184 3636 260 3680 esse
274 3618 516 3692 concessimus
535 3626 569 3682 et
586 3618 616 3681 si
632 3617 758 3700 aliquis
774 3636 849 3680 eam
869 3617 906 3680 in
924 3615 1017 3680 aliud
1034 3632 1138 3696 quam
1151 3634 1232 3679 con·

184 3717 360 3795 stituimus
377 3718 564 3782 transferre
584 3717 745 3795 uoluerit,
768 3736 846 3780 cum
868 3715 958 3781 Iuda
977 3716 1037 3797 qui
1058 3714 1231 3778 dominum

184 3816 326 3881 tradidit
343 3836 471 3900 poenas
491 3818 578 3894 luat,
595 3825 631 3882 et
649 3816 729 3881 inde
752 3836 970 3899 nequaquam
993 3814 1104 3898 possit
1127 3814 1232 3879 eximi
1352 3824 1354 3829 '

182 3916 250 3980 nisi
275 3918 319 3980 ad
348 3918 618 3982 satisfactionem
646 3917 788 3981 uenerit.
841 3915 959 3979 Huius
984 3924 1100 3979 autem
1126 3914 1232 3979 dona-

181 4017 284 4080 tionis
302 4026 383 4082 sunt
400 4025 506 4081 testes
524 4017 582 4080 isti
595 4017 719 4081 idonei.

232 4116 445 4198 AEgelnobus
472 4116 682 4180 Cantuariae
701 4115 992 4197 archiepiscopus
1014 4111 1230 4180 Wolsstanus
