2850 4876
179 353 222 417 40
438 371 611 420 calerna
634 369 982 419 nucnosaxouroau.

568 628 849 695 nccxxxv.

548 739 769 856 uincire,
797 779 874 845 cer.

245 933 284 1014 »1⁴
306 932 505 996 Umunasn
523 932 613 999 sacri
638 931 767 1013 eloquii
782 931 924 995 oracula
948 929 1078 994 crebris
1104 946 1168 992 nos
1188 928 1247 992 in-

191 1040 329 1097 struunt
354 1033 669 1109 ammonitionibus,
692 1038 731 1095 ut
748 1032 778 1096 ei
796 1030 914 1095 deuoti
936 1037 1011 1094 toto
1033 1029 1243 1094 famulemur

191 1135 315 1198 adnisu
331 1135 391 1215 qui
408 1133 525 1197 diuino
542 1132 657 1196 omnia
671 1131 819 1196 fundans
840 1133 946 1196 uerbo
965 1131 1243 1208 microcosmum,

192 1234 364 1298 hominem
404 1234 547 1310 scilicet,
584 1232 809 1316 quadriformi
836 1233 1044 1316 plasmatum
1081 1230 1243 1308 materia,

193 1336 395 1416 omnigenae
411 1335 522 1398 tocius
536 1335 644 1399 cosmi
660 1333 825 1417 praefecit
843 1342 1033 1397 creaturae.
1081 1330 1175 1419 Nam
1191 1329 1247 1394 di-

193 1437 295 1500 uinae
320 1436 509 1499 auctoritas
536 1436 727 1517 scripturae
751 1433 921 1498 multifido
947 1452 1010 1496 nos
1037 1431 1248 1498 exhortatur

195 1538 339 1613 monitu,
357 1536 486 1612 dicem,
505 1535 655 1599 ‘Nudus
672 1553 831 1616 egressus
846 1554 923 1598 sum
946 1553 990 1597 ex
1009 1540 1108 1597 utero
1120 1532 1247 1596 matris

195 1656 302 1710 meae,
319 1643 354 1699 et
368 1637 480 1699 nudus
502 1644 655 1700 reuertar
674 1633 788 1714 illuc;'
813 1642 848 1699 et
869 1635 1006 1710 iterum,
1033 1632 1174 1717 ‘Nichil
1191 1632 1248 1697 in·

196 1736 338 1801 tulimus
366 1736 402 1799 in
430 1736 519 1801 bunc
540 1735 715 1813 mnndum,
738 1733 858 1800 uerum
886 1754 949 1799 nec
974 1734 1019 1798 ab
1046 1753 1087 1798 eo
1111 1732 1250 1797 auferre

197 1838 278 1920 quid
303 1836 513 1919 poterimus?
563 1836 786 1919 Quapropter
806 1835 930 1900 lubrici
951 1841 1154 1919 potentatus
1176 1852 1251 1899 nou

198 1939 388 2015 immemor,
411 1957 476 2019 ego
498 1937 649 2019 Eadgar,
673 1936 812 2001 Christo
833 1935 1032 2001 conferente
1057 1935 1170 2001 tocius
1185 1932 1251 1999 Al·

200 2039 310 2105 bionis
325 2040 487 2115 basileus,
504 2038 602 2120 regni
620 2037 760 2119 fastigio
775 2037 895 2101 humili
907 2034 1104 2119 praesidens
1121 2035 1250 2113 animo,

201 2140 245 2204 ob
280 2140 586 2203 remunerationem
625 2139 768 2220 praemii
811 2137 962 2213 maioris,
997 2135 1253 2218 aliquantulam

202 2241 290 2302 ruris
329 2239 548 2321 particulam,
583 2239 836 2321 quinquaginta
877 2237 1041 2302 uidelicet
1081 2242 1255 2315 cassatos,

201 2341 278 2404 loco
318 2340 378 2422 qui
414 2339 540 2403 celebri
577 2339 806 2421 Hysseburna
835 2346 1052 2421 nuncupatur
1078 2346 1254 2413 onomate,

205 2439 475 2504 Abbandunensi
493 2433 680 2503 aecclesiae
694 2440 817 2503 beatae
841 2439 897 2503 dei
918 2438 1076 2520 genitrici
1099 2457 1256 2521 semper·

204 2560 272 2623 que
297 2540 424 2621 uirgini
454 2539 589 2602 Mariae
613 2538 798 2603 honorifice
825 2539 971 2617 dicatae,
987 2538 1042 2602 -ad
1066 2539 1254 2605 monacho·

206 2660 280 2704 rum
292 2659 375 2703 usus
388 2640 471 2703 inibi
485 2640 689 2721 regulariter
701 2639 898 2723 degentium
913 2639 1120 2722 dominoque
1132 2647 1257 2705 nostro

206 2742 330 2806 deuote
364 2740 599 2817 seruientium,
631 2760 708 2804 cum
737 2740 895 2805 omnibus
924 2739 1128 2804 utensilibus
1161 2758 1257 2822 quae

207 2842 291 2905 deus
316 2842 490 2906 coelorum
512 2842 548 2904 in
568 2842 644 2925 ipsa
660 2840 794 2905 telluris
810 2840 916 2905 edidit
935 2841 1128 2924 superficie,
1144 2835 1258 2923 pratis

206 2942 378 3020 uidelicet,
425 2943 575 3025 pascuiS,
617 2942 725 3018 Siluia,
769 2942 1003 3025 siluarnmque
1047 2941 1259 3021 nemoribus,

209 3050 349 3107 aeterna
365 3042 513 3124 largitus
529 3062 603 3106 sum
621 3040 851 3120 haereditate3
869 3042 1011 3125 praedia
1022 3042 1143 3124 ntique
1158 3058 1259 3110 ,xlta

209 3162 299 3224 quae
324 3142 567 3207 Uuintoniensi
594 3143 662 3207 sita
690 3150 771 3208 sunt
797 3142 881 3206 urbe
907 3142 951 3206 ad
979 3161 1037 3205 rus
1061 3141 1259 3226 praefatum

208 3243 415 3326 pertinentia
443 3243 562 3308 eadem
588 3244 750 3308 libertate
776 3243 952 3327 praefatae
977 3243 1032 3306 dei
1059 3243 1260 3323 aecclesiae,

210 3343 394 3407 admodum
421 3344 546 3408 denoto
572 3343 805 3409 AE'deluuoldo
823 3344 999 3408 obtinente
1019 3343 1169 3408 eiusdem
1191 3344 1261 3409 loci

210 3446 348 3522 abbate,
373 3442 587 3530 plauda[n]t.
627 3443 680 3508 Sit
701 3451 817 3508 autem
843 3444 1056 3526 praedictum
1081 3463 1140 3508 rus
1164 3446 1260 3510 omni

210 3551 367 3609 terrenae
389 3545 567 3609 seruitutis
593 3544 675 3626 iugo
695 3544 853 3622 liberum,
870 3545 980 3608 tribus
998 3545 1165 3628 exceptis,
1180 3553 1262 3611 rata

210 3645 373 3710 uidelicet
406 3645 637 3727 expeditione,
669 3644 786 3727 pontis
819 3645 953 3709 arcisue
986 3646 1259 3729 recuperatione.

213 3743 250 3806 Si
268 3746 346 3826 quis
364 3751 478 3808 autem
497 3744 720 3827 praescriptis
740 3747 881 3809 statutis
903 3746 1053 3810 noluerit
1067 3747 1262 3813 consentire

213 3851 274 3906 aut
290 3845 439 3922 obedire,
455 3846 543 3909 sciat
559 3863 597 3908 se
614 3844 763 3907 alienum
782 3865 857 3910 esse
881 3866 903 3909 a
923 3847 1097 3911 consortio
1118 3853 1262 3912 sanctae

212 3940 267 4003 dei
292 3944 480 4010 aecclesiae
497 3952 532 4010 et
549 3964 730 4028 agcorpore
751 3953 787 4010 ct
807 3947 978 4028 sauguine
1000 3946 1129 4011 domini
1152 3948 1263 4012 nostri

213 4039 317 4104 Ihesu
341 4042 483 4124 Christi,
509 4066 570 4128 per
594 4046 836 4111 auctoritatem
864 4048 956 4111 beati
987 4045 1082 4110 Petri
1111 4048 1262 4130 apostoli

211 4140 452 4227 sociorumque
484 4147 569 4223 eius,
594 4146 661 4210 nisi
688 4148 784 4231 prius
813 4146 868 4210 bic
894 4146 1000 4229 digna
1027 4148 1262 4213 emendauerit
