<?xml version="1.0" encoding="UTF-8"?>
<!DOCTYPE html PUBLIC "-//W3C//DTD XHTML 1.0 Transitional//EN"
    "http://www.w3.org/TR/xhtml1/DTD/xhtml1-transitional.dtd">
<html xmlns="http://www.w3.org/1999/xhtml" xml:lang="en" lang="en">
 <head>
  <title>
</title>
<meta http-equiv="Content-Type" content="text/html;charset=utf-8" />
  <meta name='ocr-system' content='tesseract 3.04.00' />
  <meta name='ocr-capabilities' content='ocr_page ocr_carea ocr_par ocr_line ocrx_word'/>
</head>
<body>
  <div class='ocr_page' id='page_1' title='image "./codexdiplomatic01kembgoog_0287.png"; bbox 0 0 2850 4876; ppageno 0'>
   <div class='ocr_carea' id='block_1_1' title="bbox 261 325 1054 395">
    <p class='ocr_par' dir='ltr' id='par_1_1' title="bbox 261 325 1054 395">
     <span class='ocr_line' id='line_1_1' title="bbox 261 325 1054 395; baseline 0.009 -7"><span class='ocrx_word' id='word_1_1' title='bbox 261 325 326 389; x_wconf 70' lang='lat'>240</span> <span class='ocrx_word' id='word_1_2' title='bbox 512 343 685 392; x_wconf 76' lang='lat' dir='ltr'>onnnrnu</span> <span class='ocrx_word' id='word_1_3' title='bbox 708 342 1054 395; x_wconf 79' lang='lat' dir='ltr'>nncuosnxonrcnn.</span> 
     </span>
    </p>
   </div>
   <div class='ocr_carea' id='block_1_2' title="bbox 190 498 1318 4188">
    <p class='ocr_par' dir='ltr' id='par_1_2' title="bbox 190 498 1318 4188">
     <span class='ocr_line' id='line_1_2' title="bbox 262 498 1318 584; baseline -0.001 -21"><span class='ocrx_word' id='word_1_4' title='bbox 262 520 305 563; x_wconf 96' lang='lat' dir='ltr'>ne</span> <span class='ocrx_word' id='word_1_5' title='bbox 319 521 396 565; x_wconf 90' lang='lat' dir='ltr'>cum</span> <span class='ocrx_word' id='word_1_6' title='bbox 412 504 506 584; x_wconf 79' lang='lat' dir='ltr'>regis</span> <span class='ocrx_word' id='word_1_7' title='bbox 522 502 689 566; x_wconf 84' lang='lat' dir='ltr'>ministris</span> <span class='ocrx_word' id='word_1_8' title='bbox 706 508 768 566; x_wconf 89' lang='lat' dir='ltr'>aut</span> <span class='ocrx_word' id='word_1_9' title='bbox 780 503 856 567; x_wconf 89' lang='lat' dir='ltr'>cius</span> <span class='ocrx_word' id='word_1_10' title='bbox 872 502 1104 577; x_wconf 73' lang='lat' dir='ltr'>centuriatuS,</span> <span class='ocrx_word' id='word_1_11' title='bbox 1112 499 1148 563; x_wconf 92' lang='lat' dir='ltr'>id</span> <span class='ocrx_word' id='word_1_12' title='bbox 1163 507 1217 566; x_wconf 89' lang='lat' dir='ltr'>est</span> <span class='ocrx_word' id='word_1_13' title='bbox 1230 498 1318 563; x_wconf 88' lang='lat' dir='ltr'>hun·</span> 
     </span>
     <span class='ocr_line' id='line_1_3' title="bbox 262 600 1316 684; baseline 0 -21"><span class='ocrx_word' id='word_1_14' title='bbox 262 601 397 680; x_wconf 88' lang='lat' dir='ltr'>dredes,</span> <span class='ocrx_word' id='word_1_15' title='bbox 409 603 644 679; x_wconf 83' lang='lat' dir='ltr'>exactoribus,</span> <span class='ocrx_word' id='word_1_16' title='bbox 654 601 881 667; x_wconf 85' lang='lat' dir='ltr'>naumachiae</span> <span class='ocrx_word' id='word_1_17' title='bbox 897 600 1152 684; x_wconf 82' lang='lat' dir='ltr'>expeditionem</span> <span class='ocrx_word' id='word_1_18' title='bbox 1168 618 1259 684; x_wconf 93' lang='lat' dir='ltr'>quae</span> <span class='ocrx_word' id='word_1_19' title='bbox 1270 619 1316 664; x_wconf 83' lang='lat' dir='ltr'>ex</span> 
     </span>
     <span class='ocr_line' id='line_1_4' title="bbox 263 698 1316 785; baseline -0.002 -21"><span class='ocrx_word' id='word_1_20' title='bbox 263 708 339 765; x_wconf 90' lang='lat' dir='ltr'>tota</span> <span class='ocrx_word' id='word_1_21' title='bbox 352 703 483 785; x_wconf 84' lang='lat' dir='ltr'>Anglia</span> <span class='ocrx_word' id='word_1_22' title='bbox 499 704 573 784; x_wconf 82' lang='lat' dir='ltr'>regi</span> <span class='ocrx_word' id='word_1_23' title='bbox 588 704 765 767; x_wconf 91' lang='lat' dir='ltr'>inuenitur</span> <span class='ocrx_word' id='word_1_24' title='bbox 778 702 931 766; x_wconf 88' lang='lat' dir='ltr'>faciunt:</span> <span class='ocrx_word' id='word_1_25' title='bbox 950 700 1010 765; x_wconf 89' lang='lat' dir='ltr'>sed</span> <span class='ocrx_word' id='word_1_26' title='bbox 1027 721 1106 764; x_wconf 93' lang='lat' dir='ltr'>cum</span> <span class='ocrx_word' id='word_1_27' title='bbox 1122 720 1187 766; x_wconf 91' lang='lat' dir='ltr'>suo</span> <span class='ocrx_word' id='word_1_28' title='bbox 1203 698 1316 765; x_wconf 87' lang='lat' dir='ltr'>archi-</span> 
     </span>
     <span class='ocr_line' id='line_1_5' title="bbox 263 801 1313 886; baseline 0.002 -22"><span class='ocrx_word' id='word_1_29' title='bbox 263 801 417 879; x_wconf 88' lang='lat' dir='ltr'>ductore,</span> <span class='ocrx_word' id='word_1_30' title='bbox 433 802 594 867; x_wconf 90' lang='lat' dir='ltr'>uidelicet</span> <span class='ocrx_word' id='word_1_31' title='bbox 608 802 783 886; x_wconf 90' lang='lat' dir='ltr'>episcopo,</span> <span class='ocrx_word' id='word_1_32' title='bbox 798 802 859 884; x_wconf 92' lang='lat' dir='ltr'>qui</span> <span class='ocrx_word' id='word_1_33' title='bbox 873 821 934 865; x_wconf 93' lang='lat' dir='ltr'>eos</span> <span class='ocrx_word' id='word_1_34' title='bbox 949 801 1130 866; x_wconf 83' lang='lat' dir='ltr'>defendere</span> <span class='ocrx_word' id='word_1_35' title='bbox 1145 808 1181 866; x_wconf 91' lang='lat' dir='ltr'>et</span> <span class='ocrx_word' id='word_1_36' title='bbox 1198 807 1313 885; x_wconf 89' lang='lat' dir='ltr'>prote·</span> 
     </span>
     <span class='ocr_line' id='line_1_6' title="bbox 263 901 1313 985; baseline 0.003 -21"><span class='ocrx_word' id='word_1_37' title='bbox 263 921 345 982; x_wconf 83' lang='lat' dir='ltr'>gere</span> <span class='ocrx_word' id='word_1_38' title='bbox 362 903 465 967; x_wconf 91' lang='lat' dir='ltr'>debet</span> <span class='ocrx_word' id='word_1_39' title='bbox 480 905 525 968; x_wconf 92' lang='lat' dir='ltr'>ab</span> <span class='ocrx_word' id='word_1_40' title='bbox 540 904 633 968; x_wconf 91' lang='lat' dir='ltr'>omni</span> <span class='ocrx_word' id='word_1_41' title='bbox 651 903 909 985; x_wconf 85' lang='lat' dir='ltr'>perturbatione</span> <span class='ocrx_word' id='word_1_42' title='bbox 923 908 959 966; x_wconf 89' lang='lat' dir='ltr'>et</span> <span class='ocrx_word' id='word_1_43' title='bbox 973 901 1221 984; x_wconf 89' lang='lat' dir='ltr'>inquietudine.</span> <span class='ocrx_word' id='word_1_44' title='bbox 1267 902 1313 967; x_wconf 86' lang='lat' dir='ltr'>Et</span> 
     </span>
     <span class='ocr_line' id='line_1_7' title="bbox 263 999 1312 1085; baseline 0 -21"><span class='ocrx_word' id='word_1_45' title='bbox 263 1004 346 1085; x_wconf 89' lang='lat' dir='ltr'>quia</span> <span class='ocrx_word' id='word_1_46' title='bbox 362 1003 453 1066; x_wconf 92' lang='lat' dir='ltr'>idem</span> <span class='ocrx_word' id='word_1_47' title='bbox 465 1002 676 1067; x_wconf 90' lang='lat' dir='ltr'>reuerendus</span> <span class='ocrx_word' id='word_1_48' title='bbox 693 999 839 1067; x_wconf 88' lang='lat' dir='ltr'>antistes</span> <span class='ocrx_word' id='word_1_49' title='bbox 854 1001 1038 1066; x_wconf 88' lang='lat' dir='ltr'>Oswaldus</span> <span class='ocrx_word' id='word_1_50' title='bbox 1054 1021 1116 1084; x_wconf 91' lang='lat' dir='ltr'>per</span> <span class='ocrx_word' id='word_1_51' title='bbox 1129 1020 1212 1065; x_wconf 87' lang='lat' dir='ltr'>suos</span> <span class='ocrx_word' id='word_1_52' title='bbox 1227 1002 1312 1065; x_wconf 92' lang='lat' dir='ltr'>ami-</span> 
     </span>
     <span class='ocr_line' id='line_1_8' title="bbox 262 1100 1313 1184; baseline 0.001 -19"><span class='ocrx_word' id='word_1_53' title='bbox 262 1121 322 1166; x_wconf 89' lang='lat' dir='ltr'>cos</span> <span class='ocrx_word' id='word_1_54' title='bbox 333 1111 368 1166; x_wconf 92' lang='lat' dir='ltr'>et</span> <span class='ocrx_word' id='word_1_55' title='bbox 381 1123 476 1167; x_wconf 88' lang='lat' dir='ltr'>meos</span> <span class='ocrx_word' id='word_1_56' title='bbox 489 1102 702 1167; x_wconf 87' lang='lat' dir='ltr'>consiliarios</span> <span class='ocrx_word' id='word_1_57' title='bbox 714 1101 1028 1184; x_wconf 87' lang='lat' dir='ltr'>supranominatos,</span> <span class='ocrx_word' id='word_1_58' title='bbox 1039 1100 1201 1165; x_wconf 89' lang='lat' dir='ltr'>uidelicet</span> <span class='ocrx_word' id='word_1_59' title='bbox 1212 1101 1313 1166; x_wconf 88' lang='lat' dir='ltr'>Dun-</span> 
     </span>
     <span class='ocr_line' id='line_1_9' title="bbox 265 1201 1312 1286; baseline 0.001 -21"><span class='ocrx_word' id='word_1_60' title='bbox 265 1209 403 1266; x_wconf 90' lang='lat' dir='ltr'>stanum</span> <span class='ocrx_word' id='word_1_61' title='bbox 421 1203 731 1286; x_wconf 91' lang='lat' dir='ltr'>archiepiscopum,</span> <span class='ocrx_word' id='word_1_62' title='bbox 743 1211 779 1266; x_wconf 91' lang='lat' dir='ltr'>et</span> <span class='ocrx_word' id='word_1_63' title='bbox 792 1201 1046 1267; x_wconf 78' lang='lat' dir='ltr'>AEttelwoldum</span> <span class='ocrx_word' id='word_1_64' title='bbox 1061 1202 1263 1284; x_wconf 88' lang='lat' dir='ltr'>episcopum</span> <span class='ocrx_word' id='word_1_65' title='bbox 1277 1209 1312 1266; x_wconf 88' lang='lat' dir='ltr'>et</span> 
     </span>
     <span class='ocr_line' id='line_1_10' title="bbox 264 1301 1312 1386; baseline 0.002 -22"><span class='ocrx_word' id='word_1_66' title='bbox 264 1303 377 1365; x_wconf 89' lang='lat' dir='ltr'>uirum</span> <span class='ocrx_word' id='word_1_67' title='bbox 390 1303 613 1384; x_wconf 86' lang='lat' dir='ltr'>magnificum</span> <span class='ocrx_word' id='word_1_68' title='bbox 626 1302 867 1386; x_wconf 72' lang='lat' dir='ltr'>Bryhtno&#39;dum</span> <span class='ocrx_word' id='word_1_69' title='bbox 879 1303 1052 1378; x_wconf 90' lang='lat' dir='ltr'>comitem,</span> <span class='ocrx_word' id='word_1_70' title='bbox 1065 1321 1119 1364; x_wconf 92' lang='lat' dir='ltr'>me</span> <span class='ocrx_word' id='word_1_71' title='bbox 1129 1301 1312 1383; x_wconf 87' lang='lat' dir='ltr'>requisiuit</span> 
     </span>
     <span class='ocr_line' id='line_1_11' title="bbox 263 1400 1312 1486; baseline 0 -22"><span class='ocrx_word' id='word_1_72' title='bbox 263 1408 298 1464; x_wconf 90' lang='lat' dir='ltr'>et</span> <span class='ocrx_word' id='word_1_73' title='bbox 324 1403 525 1486; x_wconf 91' lang='lat' dir='ltr'>impetrauit</span> <span class='ocrx_word' id='word_1_74' title='bbox 551 1410 591 1467; x_wconf 94' lang='lat' dir='ltr'>ut</span> <span class='ocrx_word' id='word_1_75' title='bbox 619 1403 663 1467; x_wconf 94' lang='lat' dir='ltr'>ad</span> <span class='ocrx_word' id='word_1_76' title='bbox 688 1402 956 1468; x_wconf 89' lang='lat' dir='ltr'>confirmandam</span> <span class='ocrx_word' id='word_1_77' title='bbox 978 1400 1312 1466; x_wconf 87' lang='lat' dir='ltr'>aecclesiasticarum</span> 
     </span>
     <span class='ocr_line' id='line_1_12' title="bbox 262 1498 1311 1588; baseline -0.001 -20"><span class='ocrx_word' id='word_1_78' title='bbox 262 1503 522 1584; x_wconf 87' lang='lat' dir='ltr'>possessionum</span> <span class='ocrx_word' id='word_1_79' title='bbox 546 1502 741 1567; x_wconf 89' lang='lat' dir='ltr'>libertatem</span> <span class='ocrx_word' id='word_1_80' title='bbox 764 1498 854 1588; x_wconf 88' lang='lat' dir='ltr'>su[i]</span> <span class='ocrx_word' id='word_1_81' title='bbox 874 1503 1106 1585; x_wconf 87' lang='lat' dir='ltr'>episcopatus,</span> <span class='ocrx_word' id='word_1_82' title='bbox 1123 1500 1165 1565; x_wconf 91' lang='lat' dir='ltr'>ad</span> <span class='ocrx_word' id='word_1_83' title='bbox 1190 1509 1311 1567; x_wconf 89' lang='lat' dir='ltr'>centu·</span> 
     </span>
     <span class='ocr_line' id='line_1_13' title="bbox 263 1600 1312 1688; baseline 0.002 -23"><span class='ocrx_word' id='word_1_84' title='bbox 263 1602 390 1666; x_wconf 89' lang='lat' dir='ltr'>riatum</span> <span class='ocrx_word' id='word_1_85' title='bbox 406 1604 465 1686; x_wconf 90' lang='lat' dir='ltr'>qui</span> <span class='ocrx_word' id='word_1_86' title='bbox 475 1600 752 1688; x_wconf 87' lang='lat' dir='ltr'>Wulferesl[aw]</span> <span class='ocrx_word' id='word_1_87' title='bbox 776 1603 912 1678; x_wconf 91' lang='lat' dir='ltr'>dicitur,</span> <span class='ocrx_word' id='word_1_88' title='bbox 925 1622 1027 1685; x_wconf 94' lang='lat' dir='ltr'>quem</span> <span class='ocrx_word' id='word_1_89' title='bbox 1048 1601 1126 1684; x_wconf 89' lang='lat' dir='ltr'>ipsa</span> <span class='ocrx_word' id='word_1_90' title='bbox 1141 1601 1312 1667; x_wconf 87' lang='lat' dir='ltr'>aecclesia</span> 
     </span>
     <span class='ocr_line' id='line_1_14' title="bbox 265 1701 1309 1785; baseline 0.001 -21"><span class='ocrx_word' id='word_1_91' title='bbox 265 1703 456 1785; x_wconf 90' lang='lat' dir='ltr'>antiquitus</span> <span class='ocrx_word' id='word_1_92' title='bbox 479 1703 585 1767; x_wconf 91' lang='lat' dir='ltr'>libere</span> <span class='ocrx_word' id='word_1_93' title='bbox 608 1703 808 1785; x_wconf 86' lang='lat' dir='ltr'>possidebat</span> <span class='ocrx_word' id='word_1_94' title='bbox 822 1702 855 1766; x_wconf 89' lang='lat' dir='ltr'>ei</span> <span class='ocrx_word' id='word_1_95' title='bbox 876 1701 1131 1784; x_wconf 90' lang='lat' dir='ltr'>conce[de]rem</span> <span class='ocrx_word' id='word_1_96' title='bbox 1160 1701 1309 1767; x_wconf 88' lang='lat' dir='ltr'>alterum</span> 
     </span>
     <span class='ocr_line' id='line_1_15' title="bbox 263 1801 1310 1879; baseline 0.003 -15"><span class='ocrx_word' id='word_1_97' title='bbox 263 1801 478 1867; x_wconf 89' lang='lat' dir='ltr'>hundredum</span> <span class='ocrx_word' id='word_1_98' title='bbox 496 1803 621 1879; x_wconf 90' lang='lat' dir='ltr'>facere,</span> <span class='ocrx_word' id='word_1_99' title='bbox 627 1803 787 1867; x_wconf 90' lang='lat' dir='ltr'>libertate</span> <span class='ocrx_word' id='word_1_100' title='bbox 803 1802 934 1867; x_wconf 90' lang='lat' dir='ltr'>donata</span> <span class='ocrx_word' id='word_1_101' title='bbox 946 1803 988 1866; x_wconf 91' lang='lat' dir='ltr'>de</span> <span class='ocrx_word' id='word_1_102' title='bbox 1004 1802 1105 1866; x_wconf 88' lang='lat' dir='ltr'>terris</span> <span class='ocrx_word' id='word_1_103' title='bbox 1121 1801 1310 1867; x_wconf 89' lang='lat' dir='ltr'>aecclesiae</span> 
     </span>
     <span class='ocr_line' id='line_1_16' title="bbox 263 1884 1311 1984; baseline 0.001 -19"><span class='ocrx_word' id='word_1_104' title='bbox 263 1921 352 1984; x_wconf 90' lang='lat' dir='ltr'>quae</span> <span class='ocrx_word' id='word_1_105' title='bbox 367 1902 479 1967; x_wconf 92' lang='lat' dir='ltr'>adhuc</span> <span class='ocrx_word' id='word_1_106' title='bbox 495 1903 663 1967; x_wconf 89' lang='lat' dir='ltr'>hactenus</span> <span class='ocrx_word' id='word_1_107' title='bbox 684 1903 789 1984; x_wconf 81' lang='lat' dir='ltr'>regiis</span> <span class='ocrx_word' id='word_1_108' title='bbox 812 1902 1051 1968; x_wconf 87' lang='lat' dir='ltr'>exactionibus</span> <span class='ocrx_word' id='word_1_109' title='bbox 1065 1884 1311 1980; x_wconf 59' lang='lat' dir='ltr'>&#39;subiacebaut</span> 
     </span>
     <span class='ocr_line' id='line_1_17' title="bbox 261 2001 1311 2086; baseline 0.001 -21"><span class='ocrx_word' id='word_1_110' title='bbox 261 2002 422 2068; x_wconf 91' lang='lat' dir='ltr'>uidelicet</span> <span class='ocrx_word' id='word_1_111' title='bbox 449 2002 643 2080; x_wconf 90' lang='lat' dir='ltr'>Breodune,</span> <span class='ocrx_word' id='word_1_112' title='bbox 668 2002 859 2080; x_wconf 91' lang='lat' dir='ltr'>Bleccelea,</span> <span class='ocrx_word' id='word_1_113' title='bbox 887 2002 1115 2086; x_wconf 87' lang='lat' dir='ltr'>Tyrdiutune,</span> <span class='ocrx_word' id='word_1_114' title='bbox 1144 2001 1311 2084; x_wconf 87' lang='lat' dir='ltr'>quatinus</span> 
     </span>
     <span class='ocr_line' id='line_1_18' title="bbox 262 2101 1310 2187; baseline 0 -21"><span class='ocrx_word' id='word_1_115' title='bbox 262 2111 380 2184; x_wconf 88' lang='lat' dir='ltr'>posset</span> <span class='ocrx_word' id='word_1_116' title='bbox 394 2104 468 2186; x_wconf 91' lang='lat' dir='ltr'>ipse</span> <span class='ocrx_word' id='word_1_117' title='bbox 486 2123 564 2167; x_wconf 94' lang='lat' dir='ltr'>cum</span> <span class='ocrx_word' id='word_1_118' title='bbox 585 2103 763 2168; x_wconf 87' lang='lat' dir='ltr'>monachis</span> <span class='ocrx_word' id='word_1_119' title='bbox 787 2104 859 2167; x_wconf 87' lang='lat' dir='ltr'>suis</span> <span class='ocrx_word' id='word_1_120' title='bbox 874 2122 979 2167; x_wconf 92' lang='lat' dir='ltr'>unam</span> <span class='ocrx_word' id='word_1_121' title='bbox 994 2101 1310 2187; x_wconf 82' lang='lat' dir='ltr'>naucupletionem,</span> 
     </span>
     <span class='ocr_line' id='line_1_19' title="bbox 261 2201 1311 2286; baseline 0.003 -20"><span class='ocrx_word' id='word_1_122' title='bbox 261 2202 354 2284; x_wconf 91' lang='lat' dir='ltr'>quod</span> <span class='ocrx_word' id='word_1_123' title='bbox 369 2201 517 2285; x_wconf 84' lang='lat' dir='ltr'>Anglice</span> <span class='ocrx_word' id='word_1_124' title='bbox 532 2202 725 2286; x_wconf 72' lang='lat' dir='ltr'>scypfylle’d</span> <span class='ocrx_word' id='word_1_125' title='bbox 740 2202 877 2279; x_wconf 90' lang='lat' dir='ltr'>dicitur,</span> <span class='ocrx_word' id='word_1_126' title='bbox 892 2222 1005 2285; x_wconf 91' lang='lat' dir='ltr'>perse</span> <span class='ocrx_word' id='word_1_127' title='bbox 1022 2202 1162 2279; x_wconf 89' lang='lat' dir='ltr'>habere,</span> <span class='ocrx_word' id='word_1_128' title='bbox 1178 2202 1311 2285; x_wconf 86' lang='lat' dir='ltr'>placuit</span> 
     </span>
     <span class='ocr_line' id='line_1_20' title="bbox 262 2302 1310 2386; baseline 0.003 -21"><span class='ocrx_word' id='word_1_129' title='bbox 262 2304 344 2367; x_wconf 93' lang='lat' dir='ltr'>mihi</span> <span class='ocrx_word' id='word_1_130' title='bbox 360 2303 426 2367; x_wconf 91' lang='lat' dir='ltr'>hoc</span> <span class='ocrx_word' id='word_1_131' title='bbox 443 2304 475 2367; x_wconf 94' lang='lat' dir='ltr'>ei</span> <span class='ocrx_word' id='word_1_132' title='bbox 491 2323 654 2380; x_wconf 86' lang='lat' dir='ltr'>annuere,</span> <span class='ocrx_word' id='word_1_133' title='bbox 670 2309 742 2367; x_wconf 94' lang='lat' dir='ltr'>tam</span> <span class='ocrx_word' id='word_1_134' title='bbox 765 2323 827 2386; x_wconf 90' lang='lat' dir='ltr'>pro</span> <span class='ocrx_word' id='word_1_135' title='bbox 850 2303 923 2367; x_wconf 91' lang='lat' dir='ltr'>eius</span> <span class='ocrx_word' id='word_1_136' title='bbox 944 2302 1106 2383; x_wconf 81' lang='lat' dir='ltr'>religiosa</span> <span class='ocrx_word' id='word_1_137' title='bbox 1123 2303 1310 2368; x_wconf 88' lang='lat' dir='ltr'>sanctitate</span> 
     </span>
     <span class='ocr_line' id='line_1_21' title="bbox 262 2401 1308 2487; baseline 0.003 -21"><span class='ocrx_word' id='word_1_138' title='bbox 262 2422 366 2485; x_wconf 91' lang='lat' dir='ltr'>quam</span> <span class='ocrx_word' id='word_1_139' title='bbox 382 2423 444 2486; x_wconf 91' lang='lat' dir='ltr'>pro</span> <span class='ocrx_word' id='word_1_140' title='bbox 458 2405 612 2487; x_wconf 90' lang='lat' dir='ltr'>ipsorum</span> <span class='ocrx_word' id='word_1_141' title='bbox 634 2403 827 2485; x_wconf 81' lang='lat' dir='ltr'>legatorum</span> <span class='ocrx_word' id='word_1_142' title='bbox 845 2403 1040 2468; x_wconf 90' lang='lat' dir='ltr'>reuerentia</span> <span class='ocrx_word' id='word_1_143' title='bbox 1062 2410 1097 2467; x_wconf 91' lang='lat' dir='ltr'>et</span> <span class='ocrx_word' id='word_1_144' title='bbox 1114 2401 1308 2480; x_wconf 86' lang='lat' dir='ltr'>dilectione.</span> 
     </span>
     <span class='ocr_line' id='line_1_22' title="bbox 262 2502 1306 2586; baseline 0.002 -20"><span class='ocrx_word' id='word_1_145' title='bbox 262 2502 485 2586; x_wconf 84' lang='lat' dir='ltr'>Quapropter</span> <span class='ocrx_word' id='word_1_146' title='bbox 504 2524 570 2585; x_wconf 85' lang='lat' dir='ltr'>ego</span> <span class='ocrx_word' id='word_1_147' title='bbox 587 2503 769 2585; x_wconf 86' lang='lat' dir='ltr'>Eadgarus</span> <span class='ocrx_word' id='word_1_148' title='bbox 785 2502 980 2585; x_wconf 86' lang='lat' dir='ltr'>Anglorum</span> <span class='ocrx_word' id='word_1_149' title='bbox 1006 2522 1069 2566; x_wconf 87' lang='lat' dir='ltr'>rex</span> <span class='ocrx_word' id='word_1_150' title='bbox 1098 2511 1133 2566; x_wconf 90' lang='lat' dir='ltr'>et</span> <span class='ocrx_word' id='word_1_151' title='bbox 1154 2503 1306 2568; x_wconf 89' lang='lat' dir='ltr'>basileus</span> 
     </span>
     <span class='ocr_line' id='line_1_23' title="bbox 263 2603 1309 2685; baseline 0.004 -20"><span class='ocrx_word' id='word_1_152' title='bbox 263 2603 328 2668; x_wconf 90' lang='lat' dir='ltr'>deo</span> <span class='ocrx_word' id='word_1_153' title='bbox 354 2611 389 2668; x_wconf 90' lang='lat' dir='ltr'>et</span> <span class='ocrx_word' id='word_1_154' title='bbox 412 2612 555 2669; x_wconf 88' lang='lat' dir='ltr'>sanctae</span> <span class='ocrx_word' id='word_1_155' title='bbox 573 2604 628 2669; x_wconf 93' lang='lat' dir='ltr'>dei</span> <span class='ocrx_word' id='word_1_156' title='bbox 649 2604 806 2685; x_wconf 84' lang='lat' dir='ltr'>genitrici</span> <span class='ocrx_word' id='word_1_157' title='bbox 828 2603 963 2668; x_wconf 90' lang='lat' dir='ltr'>Mariae</span> <span class='ocrx_word' id='word_1_158' title='bbox 986 2603 1127 2685; x_wconf 90' lang='lat' dir='ltr'>eiusque</span> <span class='ocrx_word' id='word_1_159' title='bbox 1150 2603 1309 2670; x_wconf 91' lang='lat' dir='ltr'>ministro</span> 
     </span>
     <span class='ocr_line' id='line_1_24' title="bbox 263 2702 1308 2787; baseline 0.002 -21"><span class='ocrx_word' id='word_1_160' title='bbox 263 2702 427 2767; x_wconf 84' lang='lat' dir='ltr'>Oswaldo</span> <span class='ocrx_word' id='word_1_161' title='bbox 443 2724 518 2767; x_wconf 90' lang='lat' dir='ltr'>meo</span> <span class='ocrx_word' id='word_1_162' title='bbox 533 2703 627 2767; x_wconf 88' lang='lat' dir='ltr'>fideli</span> <span class='ocrx_word' id='word_1_163' title='bbox 642 2705 805 2787; x_wconf 88' lang='lat' dir='ltr'>episcopo</span> <span class='ocrx_word' id='word_1_164' title='bbox 819 2704 929 2768; x_wconf 91' lang='lat' dir='ltr'>libens</span> <span class='ocrx_word' id='word_1_165' title='bbox 952 2722 1067 2767; x_wconf 89' lang='lat' dir='ltr'>annuo</span> <span class='ocrx_word' id='word_1_166' title='bbox 1082 2709 1118 2767; x_wconf 89' lang='lat' dir='ltr'>et</span> <span class='ocrx_word' id='word_1_167' title='bbox 1138 2703 1230 2768; x_wconf 90' lang='lat' dir='ltr'>dono</span> <span class='ocrx_word' id='word_1_168' title='bbox 1245 2703 1308 2769; x_wconf 91' lang='lat' dir='ltr'>hu·</span> 
     </span>
     <span class='ocr_line' id='line_1_25' title="bbox 261 2802 1307 2886; baseline 0.003 -21"><span class='ocrx_word' id='word_1_169' title='bbox 261 2803 315 2865; x_wconf 88' lang='lat' dir='ltr'>ius</span> <span class='ocrx_word' id='word_1_170' title='bbox 340 2802 511 2867; x_wconf 90' lang='lat' dir='ltr'>libertatis</span> <span class='ocrx_word' id='word_1_171' title='bbox 535 2803 766 2886; x_wconf 82' lang='lat' dir='ltr'>priuilegium,</span> <span class='ocrx_word' id='word_1_172' title='bbox 783 2806 873 2868; x_wconf 87' lang='lat' dir='ltr'>sicut</span> <span class='ocrx_word' id='word_1_173' title='bbox 889 2805 933 2868; x_wconf 91' lang='lat' dir='ltr'>ab</span> <span class='ocrx_word' id='word_1_174' title='bbox 950 2803 1035 2886; x_wconf 88' lang='lat' dir='ltr'>ipsis</span> <span class='ocrx_word' id='word_1_175' title='bbox 1057 2810 1201 2884; x_wconf 87' lang='lat' dir='ltr'>rogatus</span> <span class='ocrx_word' id='word_1_176' title='bbox 1218 2823 1307 2883; x_wconf 88' lang='lat' dir='ltr'>sum,</span> 
     </span>
     <span class='ocr_line' id='line_1_26' title="bbox 262 2902 1308 2987; baseline 0.007 -23"><span class='ocrx_word' id='word_1_177' title='bbox 262 2902 394 2966; x_wconf 88' lang='lat' dir='ltr'>scilicet</span> <span class='ocrx_word' id='word_1_178' title='bbox 415 2910 455 2966; x_wconf 92' lang='lat' dir='ltr'>ut</span> <span class='ocrx_word' id='word_1_179' title='bbox 478 2903 552 2985; x_wconf 90' lang='lat' dir='ltr'>ipse</span> <span class='ocrx_word' id='word_1_180' title='bbox 568 2904 750 2987; x_wconf 89' lang='lat' dir='ltr'>episcopus</span> <span class='ocrx_word' id='word_1_181' title='bbox 772 2924 850 2968; x_wconf 93' lang='lat' dir='ltr'>cum</span> <span class='ocrx_word' id='word_1_182' title='bbox 870 2903 1046 2967; x_wconf 88' lang='lat' dir='ltr'>monachis</span> <span class='ocrx_word' id='word_1_183' title='bbox 1064 2904 1136 2966; x_wconf 91' lang='lat' dir='ltr'>suis</span> <span class='ocrx_word' id='word_1_184' title='bbox 1162 2903 1205 2968; x_wconf 91' lang='lat' dir='ltr'>de</span> <span class='ocrx_word' id='word_1_185' title='bbox 1230 2902 1308 2971; x_wconf 87' lang='lat' dir='ltr'>istis</span> 
     </span>
     <span class='ocr_line' id='line_1_27' title="bbox 260 3003 1309 3082; baseline 0.003 -17"><span class='ocrx_word' id='word_1_186' title='bbox 260 3003 371 3065; x_wconf 88' lang='lat' dir='ltr'>trihus</span> <span class='ocrx_word' id='word_1_187' title='bbox 397 3004 657 3082; x_wconf 89' lang='lat' dir='ltr'>centuriatibus,</span> <span class='ocrx_word' id='word_1_188' title='bbox 684 3004 719 3067; x_wconf 94' lang='lat' dir='ltr'>id</span> <span class='ocrx_word' id='word_1_189' title='bbox 747 3011 801 3069; x_wconf 89' lang='lat' dir='ltr'>est</span> <span class='ocrx_word' id='word_1_190' title='bbox 821 3003 1015 3079; x_wconf 86' lang='lat' dir='ltr'>hundredis,</span> <span class='ocrx_word' id='word_1_191' title='bbox 1032 3003 1193 3068; x_wconf 86' lang='lat' dir='ltr'>uidelicet</span> <span class='ocrx_word' id='word_1_192' title='bbox 1205 3003 1309 3070; x_wconf 86' lang='lat' dir='ltr'>Wul-</span> 
     </span>
     <span class='ocr_line' id='line_1_28' title="bbox 261 3100 1305 3187; baseline 0.007 -24"><span class='ocrx_word' id='word_1_193' title='bbox 261 3100 418 3166; x_wconf 89' lang='lat' dir='ltr'>fereslaw</span> <span class='ocrx_word' id='word_1_194' title='bbox 431 3110 466 3167; x_wconf 92' lang='lat' dir='ltr'>et</span> <span class='ocrx_word' id='word_1_195' title='bbox 476 3103 778 3187; x_wconf 84' lang='lat' dir='ltr'>Winburgetrowe</span> <span class='ocrx_word' id='word_1_196' title='bbox 791 3111 827 3168; x_wconf 91' lang='lat' dir='ltr'>et</span> <span class='ocrx_word' id='word_1_197' title='bbox 841 3105 942 3168; x_wconf 90' lang='lat' dir='ltr'>tertio</span> <span class='ocrx_word' id='word_1_198' title='bbox 958 3103 1202 3168; x_wconf 91' lang='lat' dir='ltr'>monachorum</span> <span class='ocrx_word' id='word_1_199' title='bbox 1214 3105 1305 3187; x_wconf 92' lang='lat' dir='ltr'>quod</span> 
     </span>
     <span class='ocr_line' id='line_1_29' title="bbox 262 3202 1308 3287; baseline 0.006 -22"><span class='ocrx_word' id='word_1_200' title='bbox 262 3202 388 3266; x_wconf 91' lang='lat' dir='ltr'>dicitur</span> <span class='ocrx_word' id='word_1_201' title='bbox 407 3202 684 3287; x_wconf 74' lang='lat' dir='ltr'>Gutthurgelawe</span> <span class='ocrx_word' id='word_1_202' title='bbox 709 3211 913 3268; x_wconf 88' lang='lat' dir='ltr'>construant</span> <span class='ocrx_word' id='word_1_203' title='bbox 938 3223 1041 3268; x_wconf 90' lang='lat' dir='ltr'>unam</span> <span class='ocrx_word' id='word_1_204' title='bbox 1069 3204 1308 3286; x_wconf 88' lang='lat' dir='ltr'>naucupletio-</span> 
     </span>
     <span class='ocr_line' id='line_1_30' title="bbox 261 3301 1304 3388; baseline 0.004 -23"><span class='ocrx_word' id='word_1_205' title='bbox 261 3323 351 3380; x_wconf 92' lang='lat' dir='ltr'>uem,</span> <span class='ocrx_word' id='word_1_206' title='bbox 361 3304 451 3386; x_wconf 93' lang='lat' dir='ltr'>quod</span> <span class='ocrx_word' id='word_1_207' title='bbox 465 3304 614 3386; x_wconf 86' lang='lat' dir='ltr'>Anglice</span> <span class='ocrx_word' id='word_1_208' title='bbox 625 3305 751 3368; x_wconf 90' lang='lat' dir='ltr'>dicitur</span> <span class='ocrx_word' id='word_1_209' title='bbox 760 3301 948 3388; x_wconf 79' lang='lat' dir='ltr'>scypfylled</span> <span class='ocrx_word' id='word_1_210' title='bbox 964 3302 1046 3368; x_wconf 77' lang='lat' dir='ltr'>obde</span> <span class='ocrx_word' id='word_1_211' title='bbox 1059 3306 1304 3387; x_wconf 88' lang='lat' dir='ltr'>scypsocne,in</span> 
     </span>
     <span class='ocr_line' id='line_1_31' title="bbox 259 3403 1308 3488; baseline 0.001 -20"><span class='ocrx_word' id='word_1_212' title='bbox 259 3403 336 3468; x_wconf 89' lang='lat' dir='ltr'>loco</span> <span class='ocrx_word' id='word_1_213' title='bbox 359 3424 460 3487; x_wconf 91' lang='lat' dir='ltr'>quem</span> <span class='ocrx_word' id='word_1_214' title='bbox 482 3406 526 3468; x_wconf 91' lang='lat' dir='ltr'>oh</span> <span class='ocrx_word' id='word_1_215' title='bbox 549 3405 623 3468; x_wconf 92' lang='lat' dir='ltr'>eius</span> <span class='ocrx_word' id='word_1_216' title='bbox 653 3405 850 3468; x_wconf 88' lang='lat' dir='ltr'>memoriam</span> <span class='ocrx_word' id='word_1_217' title='bbox 870 3403 1117 3468; x_wconf 90' lang='lat' dir='ltr'>Oswaldeslaw</span> <span class='ocrx_word' id='word_1_218' title='bbox 1145 3404 1308 3488; x_wconf 86' lang='lat' dir='ltr'>deinceps</span> 
     </span>
     <span class='ocr_line' id='line_1_32' title="bbox 260 3504 1307 3587; baseline 0.003 -20"><span class='ocrx_word' id='word_1_219' title='bbox 260 3504 428 3586; x_wconf 89' lang='lat' dir='ltr'>appellari</span> <span class='ocrx_word' id='word_1_220' title='bbox 440 3504 581 3587; x_wconf 93' lang='lat' dir='ltr'>placuit,</span> <span class='ocrx_word' id='word_1_221' title='bbox 590 3505 649 3568; x_wconf 93' lang='lat' dir='ltr'>ubi</span> <span class='ocrx_word' id='word_1_222' title='bbox 661 3506 879 3587; x_wconf 90' lang='lat' dir='ltr'>querelarum</span> <span class='ocrx_word' id='word_1_223' title='bbox 890 3524 1016 3569; x_wconf 88' lang='lat' dir='ltr'>causae</span> <span class='ocrx_word' id='word_1_224' title='bbox 1031 3504 1219 3568; x_wconf 89' lang='lat' dir='ltr'>secundum</span> <span class='ocrx_word' id='word_1_225' title='bbox 1233 3512 1307 3570; x_wconf 84' lang='lat' dir='ltr'>mo·</span> 
     </span>
     <span class='ocr_line' id='line_1_33' title="bbox 261 3601 1306 3690; baseline 0.007 -25"><span class='ocrx_word' id='word_1_226' title='bbox 261 3624 332 3667; x_wconf 88' lang='lat' dir='ltr'>rem</span> <span class='ocrx_word' id='word_1_227' title='bbox 343 3607 477 3687; x_wconf 89' lang='lat' dir='ltr'>patriae</span> <span class='ocrx_word' id='word_1_228' title='bbox 492 3601 558 3690; x_wconf 92' lang='lat' dir='ltr'>[et]</span> <span class='ocrx_word' id='word_1_229' title='bbox 575 3604 690 3686; x_wconf 84' lang='lat' dir='ltr'>legum</span> <span class='ocrx_word' id='word_1_230' title='bbox 705 3606 782 3668; x_wconf 89' lang='lat' dir='ltr'>iura</span> <span class='ocrx_word' id='word_1_231' title='bbox 796 3605 870 3668; x_wconf 91' lang='lat' dir='ltr'>iure</span> <span class='ocrx_word' id='word_1_232' title='bbox 885 3605 1136 3684; x_wconf 87' lang='lat' dir='ltr'>discernantur;</span> <span class='ocrx_word' id='word_1_233' title='bbox 1160 3602 1306 3690; x_wconf 59' lang='lat' dir='ltr'>habeatff</span> 
     </span>
     <span class='ocr_line' id='line_1_34' title="bbox 262 3703 1305 3788; baseline 0.003 -21"><span class='ocrx_word' id='word_1_234' title='bbox 262 3723 329 3786; x_wconf 89' lang='lat' dir='ltr'>que</span> <span class='ocrx_word' id='word_1_235' title='bbox 343 3704 418 3786; x_wconf 92' lang='lat' dir='ltr'>ipse</span> <span class='ocrx_word' id='word_1_236' title='bbox 432 3705 615 3788; x_wconf 88' lang='lat' dir='ltr'>episcopus</span> <span class='ocrx_word' id='word_1_237' title='bbox 628 3725 815 3788; x_wconf 89' lang='lat' dir='ltr'>omnesque</span> <span class='ocrx_word' id='word_1_238' title='bbox 830 3705 884 3767; x_wconf 87' lang='lat' dir='ltr'>sui</span> <span class='ocrx_word' id='word_1_239' title='bbox 895 3723 1111 3769; x_wconf 85' lang='lat' dir='ltr'>successores</span> <span class='ocrx_word' id='word_1_240' title='bbox 1126 3703 1174 3768; x_wconf 90' lang='lat' dir='ltr'>ibi</span> <span class='ocrx_word' id='word_1_241' title='bbox 1189 3704 1234 3769; x_wconf 90' lang='lat' dir='ltr'>ad</span> <span class='ocrx_word' id='word_1_242' title='bbox 1250 3706 1305 3770; x_wconf 90' lang='lat' dir='ltr'>ius</span> 
     </span>
     <span class='ocr_line' id='line_1_35' title="bbox 261 3804 1307 3887; baseline 0.004 -21"><span class='ocrx_word' id='word_1_243' title='bbox 261 3804 553 3869; x_wconf 90' lang='lat' dir='ltr'>aecclesiasticum</span> <span class='ocrx_word' id='word_1_244' title='bbox 569 3805 685 3869; x_wconf 90' lang='lat' dir='ltr'>debita</span> <span class='ocrx_word' id='word_1_245' title='bbox 702 3806 1015 3886; x_wconf 87' lang='lat' dir='ltr'>transgressionum</span> <span class='ocrx_word' id='word_1_246' title='bbox 1032 3811 1067 3868; x_wconf 91' lang='lat' dir='ltr'>et</span> <span class='ocrx_word' id='word_1_247' title='bbox 1081 3823 1228 3887; x_wconf 86' lang='lat' dir='ltr'>poenam</span> <span class='ocrx_word' id='word_1_248' title='bbox 1245 3804 1307 3870; x_wconf 88' lang='lat' dir='ltr'>de-</span> 
     </span>
     <span class='ocr_line' id='line_1_36' title="bbox 261 3902 1307 3988; baseline 0.006 -23"><span class='ocrx_word' id='word_1_249' title='bbox 261 3902 421 3968; x_wconf 90' lang='lat' dir='ltr'>lictorum</span> <span class='ocrx_word' id='word_1_250' title='bbox 444 3925 533 3988; x_wconf 91' lang='lat' dir='ltr'>quae</span> <span class='ocrx_word' id='word_1_251' title='bbox 555 3924 617 3969; x_wconf 90' lang='lat' dir='ltr'>nos</span> <span class='ocrx_word' id='word_1_252' title='bbox 641 3905 786 3969; x_wconf 90' lang='lat' dir='ltr'>dicimus</span> <span class='ocrx_word' id='word_1_253' title='bbox 806 3904 1062 3986; x_wconf 85' lang='lat' dir='ltr'>ofersegenesse</span> <span class='ocrx_word' id='word_1_254' title='bbox 1090 3912 1126 3969; x_wconf 89' lang='lat' dir='ltr'>et</span> <span class='ocrx_word' id='word_1_255' title='bbox 1148 3903 1307 3986; x_wconf 83' lang='lat' dir='ltr'>gyltwite</span> 
     </span>
     <span class='ocr_line' id='line_1_37' title="bbox 190 4003 1306 4089; baseline 0.004 -23"><span class='ocrx_word' id='word_1_256' title='bbox 190 4049 192 4054; x_wconf 64' lang='lat'><em>.</em></span> <span class='ocrx_word' id='word_1_257' title='bbox 260 4010 296 4066; x_wconf 92' lang='lat' dir='ltr'>et</span> <span class='ocrx_word' id='word_1_258' title='bbox 315 4006 431 4069; x_wconf 91' lang='lat' dir='ltr'>omnia</span> <span class='ocrx_word' id='word_1_259' title='bbox 445 4024 671 4089; x_wconf 89' lang='lat' dir='ltr'>quaecunque</span> <span class='ocrx_word' id='word_1_260' title='bbox 687 4025 749 4069; x_wconf 88' lang='lat' dir='ltr'>rex</span> <span class='ocrx_word' id='word_1_261' title='bbox 763 4004 799 4068; x_wconf 92' lang='lat' dir='ltr'>in</span> <span class='ocrx_word' id='word_1_262' title='bbox 816 4006 888 4069; x_wconf 92' lang='lat' dir='ltr'>suis</span> <span class='ocrx_word' id='word_1_263' title='bbox 902 4004 1089 4068; x_wconf 89' lang='lat' dir='ltr'>hundredis</span> <span class='ocrx_word' id='word_1_264' title='bbox 1115 4003 1236 4080; x_wconf 80' lang='lat' dir='ltr'>habet3</span> <span class='ocrx_word' id='word_1_265' title='bbox 1254 4005 1306 4071; x_wconf 92' lang='lat' dir='ltr'>ita</span> 
     </span>
     <span class='ocr_line' id='line_1_38' title="bbox 260 4105 1305 4188; baseline 0.003 -21"><span class='ocrx_word' id='word_1_266' title='bbox 260 4110 374 4167; x_wconf 90' lang='lat' dir='ltr'>tamen</span> <span class='ocrx_word' id='word_1_267' title='bbox 389 4125 431 4168; x_wconf 93' lang='lat' dir='ltr'>ne</span> <span class='ocrx_word' id='word_1_268' title='bbox 448 4106 515 4187; x_wconf 90' lang='lat' dir='ltr'>ipsi</span> <span class='ocrx_word' id='word_1_269' title='bbox 531 4106 589 4188; x_wconf 94' lang='lat' dir='ltr'>qui</span> <span class='ocrx_word' id='word_1_270' title='bbox 606 4106 656 4168; x_wconf 92' lang='lat' dir='ltr'>ibi</span> <span class='ocrx_word' id='word_1_271' title='bbox 669 4106 734 4170; x_wconf 90' lang='lat' dir='ltr'>deo</span> <span class='ocrx_word' id='word_1_272' title='bbox 751 4106 906 4170; x_wconf 89' lang='lat' dir='ltr'>seruiunt</span> <span class='ocrx_word' id='word_1_273' title='bbox 917 4105 1076 4173; x_wconf 91' lang='lat' dir='ltr'>monachi</span> <span class='ocrx_word' id='word_1_274' title='bbox 1091 4105 1134 4169; x_wconf 91' lang='lat' dir='ltr'>de</span> <span class='ocrx_word' id='word_1_275' title='bbox 1149 4124 1213 4170; x_wconf 89' lang='lat' dir='ltr'>suo</span> <span class='ocrx_word' id='word_1_276' title='bbox 1230 4106 1305 4171; x_wconf 89' lang='lat' dir='ltr'>iure</span> 
     </span>
    </p>
   </div>
   <div class='ocr_carea' id='block_1_3' title="bbox 0 0 1430 4876">
    <p class='ocr_par' dir='ltr' id='par_1_3' title="bbox 0 0 1430 4876">
     <span class='ocr_line' id='line_1_39' title="bbox 0 0 1430 4876; baseline 0 1"><span class='ocrx_word' id='word_1_277' title='bbox 0 0 1430 4876; x_wconf 95' lang='lat' dir='ltr'> </span> 
     </span>
    </p>
   </div>
  </div>
 </body>
</html>
