2850 4876
434 349 607 398 casuris
640 350 985 400 ssunosnxorucss.
1197 333 1241 397 ot

189 505 258 569 mei.
322 504 386 569 Hii
423 512 530 570 testes
563 507 708 571 aderaut¹
736 509 795 589 qui
827 507 892 571 boc
921 514 1170 571 consenserunt
1203 514 1238 570 et

188 605 459 687 subscripserunt
491 613 526 670 et
557 625 635 670 cum
660 606 760 687 signo
793 614 935 670 sanctae
964 606 1077 671 crucis
1107 605 1239 670 Christi

187 703 407 768 firmauerunt
424 713 460 768 et
476 705 795 769 corroborauerunt.

231 805 272 884 ›1‹
298 802 375 884 Ego
399 804 541 884 Eadgar
565 823 628 867 rex
657 803 851 885 Anglorum
872 811 907 867 et
925 805 1076 868 scribere
1098 802 1184 867 iussi
1204 811 1240 868 et

186 922 261 965 cum
283 901 485 984 triumphali
507 903 638 966 uexillo
659 910 800 967 sanctae
822 904 934 966 crucis
954 903 1085 968 Christi
1104 902 1239 967 tirmaui

186 1009 218 1066 et
233 1002 468 1066 corroboraui.
525 1003 564 1081 ›1‹
586 1002 662 1084 Ego
677 1002 839 1066 Dunstan
856 1001 1136 1084 archiepiscopus
1152 1001 1241 1066 banc

185 1100 404 1164 donationem
432 1102 589 1165 consensi
615 1110 650 1165 et
676 1101 876 1184 subscripsi.
927 1103 967 1182 ᾧ
992 1101 1070 1181 Ego
1095 1100 1239 1183 Oscytel

184 1199 466 1283 archiepiscopus
488 1220 567 1264 cum
588 1199 704 1281 sigillo
721 1208 863 1264 sanctae
884 1200 997 1264 crucis
1020 1200 1178 1263 consensi
1202 1209 1237 1263 et

184 1298 384 1381 subscripsi.
439 1301 479 1380 ᾧ
505 1299 582 1381 Ego
608 1298 787 1382 Kynesige
810 1300 995 1382 episcopus
1020 1298 1178 1363 consensi
1203 1306 1240 1363 et

184 1398 384 1480 subscripsi.
441 1400 480 1481 »1⁴
512 1398 589 1479 Ego
620 1398 761 1463 Oswald
796 1398 980 1481 episcopus
1010 1398 1170 1461 consensi
1202 1405 1238 1462 et

185 1497 384 1581 subscripsi.
463 1499 502 1580 »1⁴
538 1497 616 1579 ligo
640 1497 789 1563 Wulsric
811 1498 995 1579 episcopus
1018 1497 1177 1561 consensi
1203 1504 1239 1560 et

185 1596 384 1679 subscripsi.
434 1600 473 1678 ›1‹
506 1597 584 1678 Ego
608 1597 788 1680 Byrhtelm
812 1597 994 1679 episeopus
1020 1596 1179 1660 consensi
1204 1603 1240 1660 et

185 1696 386 1779 subscripsi.
442 1699 481 1777 ›1‹
507 1695 584 1777 Ego
600 1697 771 1760 AElibaere
783 1696 868 1759 dux.
918 1697 957 1776 *1⁴
981 1694 1058 1777 Ego
1074 1693 1239 1758 AEltbeab

186 1796 269 1859 dux.
326 1798 365 1876 ›1‹
396 1795 474 1876 Ego
506 1795 689 1860 AEbelstan
717 1793 801 1858 dux.
852 1796 892 1875 ᾧ
923 1794 999 1874 Ego
1030 1793 1238 1858 AEbeimund

187 1895 270 1958 dux.
329 1897 368 1975 ›1‹
403 1894 478 1975 Ego
507 1895 689 1976 Byrhtnott
722 1893 808 1957 dux.
865 1895 905 1974 ᾧ
939 1893 1015 1971 Ego
1046 1892 1239 1957 AEttelwine

187 1994 269 2058 dux.
328 1995 367 2074 ᾧ
390 1994 467 2074 Ego
483 1994 646 2058 AElfwine
660 1992 828 2057 minister.
884 1993 923 2072 ᾧ
955 1992 1031 2072 Ego
1047 1990 1241 2055 Wnlfbelm

189 2093 356 2156 minister.
413 2095 452 2173 ›1‹
472 2093 550 2174 Ego
565 2092 744 2174 AE’eelsige
758 2092 922 2155 minister.
981 2094 1020 2172 ›1‹
1036 2090 1113 2172 Ego
1130 2088 1241 2152 Wser-

189 2201 267 2256 stan
288 2191 454 2256 minister.
522 2193 562 2274 »1⁴
583 2192 659 2273 Ego
689 2191 838 2257 Wulfric
867 2189 1035 2253 minister.
1102 2190 1142 2271 »1⁴
1165 2188 1241 2269 Ego

192 2286 329 2354 AE’selm
343 2291 511 2354 minister.

236 2387 368 2453 Rubris.
416 2381 495 2454 Her
509 2389 562 2454 bis
580 2381 757 2456 Eistfines
773 2381 839 2455 boc
856 2388 923 2452 and
940 2387 1089 2451 Plesces.

585 2681 857 2748 mccxuvrr.

555 2803 779 2908 uineis,
804 2832 880 2897 eea

245 2984 285 3063 ᾧ
303 2980 566 3058 Quincunces
588 2979 680 3042 enim
700 2979 888 3042 secundnm
917 2978 1055 3044 decreta
1075 3001 1243 3046 canonum

193 3089 296 3162 atque
316 3078 577 3143 aecclesiastica
594 3078 756 3142 instituta
771 3078 902 3143 salubri
917 3080 1062 3143 consilio
1077 3081 1244 3146 definiun-

193 3187 260 3255 tur,
276 3197 487 3261 qnamquam
506 3196 619 3241 sermo
635 3184 771 3242 tantum
794 3177 926 3258 absque
943 3187 1043 3243 textu
1059 3181 1243 3257 sufficeret,

193 3285 307 3342 tamen
321 3280 485 3359 quoniam
498 3277 700 3359 plerumque
714 3276 843 3340 nostris
860 3279 1073 3357 temporibus
1090 3287 1240 3362 tempes-

194 3385 284 3442 tates
294 3385 328 3442 et
340 3378 495 3441 turbines
504 3376 733 3440 saecularium
744 3395 858 3438 rerum
868 3376 971 3439 etiam
982 3364 1243 3456 portasaeecle-

194 3477 265 3541 siae
280 3476 434 3560 pulsant,
448 3476 578 3540 idcirco
593 3476 881 3558 operaepretium
897 3474 1093 3538 censuimus
1107 3479 1153 3540 ob
1161 3495 1244 3540 can-

195 3577 299 3641 telam
313 3576 520 3651 futurorum,
536 3595 578 3639 ea
593 3594 683 3656 quae
692 3574 835 3639 definita
850 3581 933 3638 sunt
942 3574 1079 3656 paginis
1095 3575 1245 3656 scriptu·

195 3695 310 3739 rarum
345 3675 529 3739 adnectere
560 3694 604 3736 ne
641 3675 677 3736 in
708 3681 885 3756 posterum
915 3675 1090 3739 obliuione
1116 3674 1245 3738 tradita

195 3774 408 3856 ignorentur.
460 3773 683 3855 Quapropter
704 3793 770 3855 ego
793 3774 945 3854 Eadgar,
962 3773 1071 3852 regali
1093 3773 1201 3836 fretus
1223 3792 1245 3837 a

196 3874 334 3938 domino
351 3873 536 3954 dignitate,
560 3871 733 3954 quandam
751 3873 841 3936 ruris
859 3871 1066 3955 particulam
1084 3889 1133 3936 .Χ.
1148 3873 1246 3936 uide-

195 3973 276 4038 licet
295 3989 448 4049 mansas,
476 3973 512 4034 in
538 3971 615 4034 loco
646 3971 705 4052 qui
731 3971 858 4035 dicitur
885 3978 932 4032 aet
960 3970 1190 4051 Speresbolte,
1211 3981 1246 4037 et

196 4093 299 4137 unam
318 4091 476 4136 mansam
493 4090 569 4135 cum
589 4085 664 4132 .x11.
683 4089 844 4150 agrorum
863 4069 1061 4149 quantitate
1082 4071 1143 4150 qui
1165 4079 1247 4135 sunt
