2850 4876
456 340 628 389 curasan
654 340 996 392 nneuosnxonrcnn.
1206 328 1250 393 83

195 497 338 562 liberam
366 505 505 582 praeter
528 517 656 576 arcem
677 504 831 581 pontem,
854 499 1191 583 expeditionemque,
1211 504 1245 567 in

195 607 399 681 perpetuum
425 599 478 663 ius
507 600 654 663 libenter
679 597 863 663 admodum
892 600 1055 676 concedo,
1081 604 1245 682 quatinus

194 699 315 762 diebus
344 700 439 763 uitae
466 716 551 764 suae
577 697 773 782 possideat3
806 706 841 762 et
868 706 947 779 post
975 719 1013 763 se
1041 702 1245 786 cuicumque

194 798 342 863 uoluerit
361 798 499 863 haeredi
519 798 747 882 derelinquat.
799 797 902 875 Quod
924 799 954 862 si
974 800 1131 883 quisque,
1147 804 1241 885 quod

194 917 261 962 non
279 907 452 980 optamus,
466 898 610 963 huiusce
630 899 826 963 donationis
846 898 1015 963 cartulam
1032 900 1243 966 adnichilare

193 1000 427 1081 temptauerit,
452 1018 567 1063 coram
592 997 730 1062 Christo
761 1017 799 1062 se
830 999 997 1062 rationem
1026 1000 1240 1065 redditurum

192 1107 370 1180 agnoscat.
420 1099 467 1164 Et
490 1099 593 1162 huius
619 1099 701 1163 doni
731 1097 1021 1180 constipulatores
1049 1101 1241 1166 extiterunt

192 1217 338 1281 quorum
351 1199 492 1262 iuferius
508 1199 648 1262 nomina
663 1199 824 1263 caraxari
839 1197 1012 1263 uidentur.

238 1287 379 1381 ›1-'Ego
398 1299 539 1380 Eadgar
557 1317 622 1362 rex
640 1296 833 1380 Anglorum
858 1297 924 1361 hoc
946 1296 1074 1361 donum
1093 1299 1240 1382 largitus

191 1417 278 1462 sum.
337 1402 376 1481 ›1‹
398 1399 476 1481 Ego
511 1398 673 1462 Duustau
705 1398 984 1480 archiepiscopus
1016 1400 1174 1463 consensi
1205 1409 1240 1465 et

191 1498 390 1581 subscripsi.
447 1501 486 1580 ›1‹
504 1498 582 1580 Ego
609 1497 752 1580 0scytel
775 1497 1056 1579 archiepiscopus
1081 1502 1240 1563 consensi

190 1606 225 1663 et
247 1597 445 1681 subscripsi.
500 1600 539 1681 ›1‹
561 1598 639 1680 Ego
666 1597 846 1663 AElinuold
873 1598 1056 1681 episcopus
1083 1601 1239 1664 consensi

189 1706 225 1762 et
264 1699 464 1781 subscripsi.
533 1701 574 1779 >1⁴
597 1697 674 1781 Ego
709 1696 918 1761 AEueluuold
950 1699 1131 1780 episcopus
1155 1719 1238 1763 con-

189 1799 282 1862 sensi
321 1806 357 1863 et
392 1798 592 1881 subscripsi.
671 1800 712 1878 »1⁴
747 1796 824 1878 Ego
863 1797 1015 1862 AElistan
1051 1800 1235 1882 episcopus

189 1900 348 1962 consensi
372 1905 409 1962 et
434 1897 632 1980 subscripsi.
690 1898 730 1977 ›1‹
757 1896 835 1976 Ego
860 1896 1033 1978 Uuinsige
1055 1900 1238 1980 episcopus

188 1999 357 2062 consensi
415 1998 551 2081 ›11Ego
579 1995 735 2061 Osuuold
761 1996 943 2079 episcopus
967 1999 1136 2061 consensi.
1192 2001 1233 2079 »1⁴

190 2099 268 2179 Ego
293 2097 400 2162 Osulf
416 2099 598 2181 episcopus
617 2097 788 2161 consensi.
844 2097 883 2176 ›1‹
904 2096 980 2177 Ego
1004 2096 1147 2160 Eadelm
1166 2097 1238 2179 epi-

188 2217 316 2281 scopus
348 2198 516 2283 consensi.
585 2197 729 2279 ffiEgo
761 2195 894 2259 AEliere
923 2197 1009 2259 dux.
1091 2199 1130 2278 ›1‹
1159 2196 1235 2278 Ego
1359 2184 1361 2191 ’

189 2298 373 2363 AEbelstan
388 2298 474 2363 dux.
530 2299 569 2380 ›1‹
586 2298 662 2379 Ego
678 2296 795 2360 AElieh
812 2295 896 2361 dux.
955 2298 994 2377 ›1‹
1010 2295 1085 2376 Ego
1100 2294 1238 2378 Ordgar

188 2398 271 2462 dux.
318 2401 357 2480 ›1‹
376 2399 452 2480 Ego
468 2396 646 2482 Byrhtnob
659 2397 742 2461 dux.
787 2399 826 2478 ›1‹
841 2396 917 2478 Ego
933 2395 1142 2459 AEtleluuiue
1153 2396 1236 2460 dux.
1294 2396 1301 2404 ’

194 2502 233 2581 ›1‹
253 2498 331 2580 Ego
348 2499 535 2582 Byrhtserlt
552 2498 719 2561 minister.
770 2498 809 2577 ›1‹
830 2496 906 2577 Ego
923 2496 1158 2560 AEtteluueard
1174 2497 1237 2559 mi·

188 2599 307 2662 nister.
349 2603 388 2682 ›1‹
411 2600 489 2681 Ego
504 2597 683 2662 AElsuuine
699 2595 863 2662 minister.
909 2598 948 2677 ›1‹
963 2597 1040 2677 Ego
1057 2594 1236 2659 Orduuald

187 2699 353 2764 minister.
410 2699 547 2786 ›1‹th
569 2697 748 2778 AEitelsige
770 2696 935 2759 minister.
992 2697 1031 2776 ›1‹
1052 2696 1130 2776 Ego
1146 2695 1237 2758 AElf-

188 2798 293 2862 unold
308 2799 474 2864 minister.
530 2802 571 2880 »1⁴
590 2798 667 2880 Ego
683 2796 849 2861 Uulfstan
873 2796 1040 2860 minister.
1097 2798 1136 2877 ›1‹
1160 2794 1236 2876 Ego

189 2898 328 2963 AElielm
343 2900 506 2964 minister.

599 3110 808 3177 uccuxr.

438 3239 443 3246 ’
549 3231 769 3337 uincla,
790 3257 867 3322 ecs.

238 3403 277 3482 ›1‹
300 3400 505 3465 Ruennnru
535 3401 788 3481 inperpetuum
818 3393 956 3456 domino
983 3396 1102 3455 nostro
1127 3391 1232 3456 Ihesu

186 3498 335 3576 Christo,
376 3502 436 3581 qui
474 3500 617 3581 imperio
656 3496 765 3579 patris
807 3499 933 3557 cuncta
971 3490 1073 3555 simul
1121 3493 1234 3554 sancti

185 3601 325 3681 spiritus
353 3600 468 3681 gratia
497 3597 696 3663 uiuificante
721 3594 892 3677 disponit!
948 3591 1119 3670 Quamuis
1143 3589 1233 3652 enim

185 3701 290 3763 uerba
312 3699 530 3763 sacerdotum
548 3705 584 3762 et
607 3697 745 3760 decreta
765 3695 915 3759 iudicum
936 3693 1112 3771 irrrohore
1128 3689 1234 3752 firmi·

185 3800 264 3863 tatis
289 3799 416 3880 iugiter
442 3805 673 3881 perseuerent,
699 3802 864 3868 attamen,
893 3811 956 3873 pro
981 3792 1114 3854 incerta
1138 3789 1230 3854 futu·

183 3897 297 3963 rorum
331 3898 563 3962 mutabilitate
595 3915 775 3970 annorum,
808 3891 1088 3973 cirographorum
1124 3897 1231 3953 testa-

182 4007 297 4063 mento
338 4004 421 4061 sunt
456 3995 661 4061 roboranda.
731 3992 954 4074 Quapropter
990 4009 1056 4071 ego
1093 3989 1234 4071 Eadgar

182 4100 288 4163 totius
314 4098 532 4163 Brittanniae
565 4094 727 4171 basileus,
757 4088 931 4174 quandam
960 4089 1093 4155 telluris
1124 4090 1233 4170 parti-⁴
1366 4082 1380 4145 '.

1050 4202 1094 4248 al
