2850 4876
264 349 329 412 124
516 363 690 412 euram
712 362 1060 412 suonossxomcsn.

610 620 967 688 mcccxxxvu.

680 744 901 841 oswnuo.

321 924 360 1003 ›1‹
382 923 534 986 Doumo
548 942 624 987 meo
639 922 823 988 karissimo
839 922 915 1003 regi
929 918 1123 1003 Anglorum
1142 919 1317 1002 Eadgero,

265 1041 330 1103 ego
346 1020 531 1086 Oswaldos
551 1023 803 1105 Uuigornensis
827 1021 1014 1085 aecclesiae
1038 1020 1223 1102 episcopus
1244 1039 1318 1083 om·

265 1123 361 1186 nium
377 1141 467 1204 quae
479 1121 563 1184 mihi
577 1141 640 1204 per
648 1123 758 1207 ipsius
767 1121 985 1186 elementiam
996 1138 1175 1183 munerum
1185 1118 1316 1184 tradita

264 1227 356 1298 sunt,
373 1221 464 1302 apud
487 1221 587 1285 deum
611 1229 646 1286 et
665 1222 758 1306 apud
782 1221 937 1285 homines
960 1221 1191 1302 gratiasago.
1243 1218 1316 1301 Igi-

266 1327 324 1384 tur
341 1322 372 1384 si
386 1320 442 1384 dei
459 1321 695 1387 misericordia
712 1321 922 1405 suppeditet,
940 1339 1057 1384 eoram
1072 1318 1137 1382 deo
1153 1325 1189 1383 et
1203 1318 1315 1383 homi·

265 1421 366 1484 nibus
389 1421 639 1503 perpetualiter
660 1423 692 1486 ei
714 1421 825 1485 fidelis
848 1421 1067 1503 permanebo,
1093 1419 1315 1495 reminiscens

264 1538 342 1583 cum
377 1521 567 1601 gratiarum
597 1523 732 1586 actione
766 1520 949 1601 largifluae
978 1519 1202 1609 benignitatis
1228 1519 1314 1596 eius,

264 1620 346 1702 quia
368 1640 429 1702 per
451 1639 546 1685 meos
565 1621 651 1684 illud
672 1621 763 1704 quod
785 1634 992 1702 magnopere
1008 1618 1214 1701 expetebam
1230 1613 1340 1682 mibi'

263 1723 433 1783 concessit
459 1721 703 1799 internuntios,
732 1720 846 1784 idest
868 1720 1184 1783 reuerentissimum
1213 1718 1313 1783 Dun-

264 1828 401 1883 stanum
423 1819 716 1904 archiepiscopum
734 1827 770 1884 et
787 1820 1021 1884 uenerandum
1038 1816 1312 1883 AEtieluuoldum

266 1917 478 1984 Uuintoniae
513 1920 710 2004 episcopum
742 1927 777 1984 et
802 1920 914 1984 uirum
943 1918 1164 2000 magnifieum
1198 1918 1314 1983 Bribt·

264 2023 393 2084 no¹6um
408 2021 580 2097 comitem,
602 2040 746 2103 qnorum
769 2019 944 2101 legatione
961 2027 996 2083 et
1012 2018 1313 2082 adiutoriomeam

265 2127 301 2184 et
318 2121 460 2184 sanctae
479 2119 535 2183 dei
557 2121 745 2185 aecclesiae
761 2119 938 2203 querelam
958 2118 1123 2201 suscepit,
1141 2123 1177 2181 ct
1193 2136 1313 2182 secun·

265 2219 345 2282 dum
368 2220 548 2285 consilium
568 2221 762 2303 sapientum
784 2231 819 2284 et
842 2219 1035 2302 principum
1059 2236 1200 2282 suorum
1221 2217 1313 2282 iuste

265 2319 473 2396 emendauit,
496 2319 539 2383 ad
564 2328 801 2385 sustentamen
821 2319 1009 2383 aecclesiae
1026 2336 1130 2398 quam
1148 2316 1232 2380 mibi
1253 2319 1313 2383 be-

264 2419 370 2500 nigne
390 2427 426 2484 et
445 2419 554 2483 libens
568 2420 754 2502 regendam
771 2419 953 2483 commisit.
998 2416 1116 2497 Quare
1128 2436 1198 2500 quo
1210 2418 1313 2483 modo

264 2518 351 2582 lidos
366 2518 449 2581 mibi
464 2519 622 2584 subditos
642 2519 823 2584 telluribus
840 2537 930 2602 quae
951 2536 1048 2582 meae
1067 2516 1216 2582 traditae
1232 2526 1314 2585 sunt

264 2619 431 2700 potestati
448 2637 510 2700 per
530 2618 681 2701 spatium
697 2619 861 2702 temporis
882 2620 986 2683 trium
1003 2618 1191 2695 hominnm,
1209 2617 1314 2684 idest

265 2719 411 2782 duorum
431 2725 512 2800 post
534 2739 571 2783 se
595 2718 793 2798 haeredum,
816 2719 1059 2795 condonarem,
1079 2719 1213 2801 placuit
1238 2724 1311 2783 tam

265 2818 348 2881 mibi
372 2836 478 2900 quam
498 2817 584 2900 ipsis
610 2818 803 2884 fautoribus
829 2826 865 2884 et
886 2818 1090 2884 consiliariis
1109 2812 1207 2896 meis,
1232 2836 1311 2883 cum

263 2918 372 3000 ipsius
387 2916 516 2981 domini
533 2919 600 2982 mei
615 2921 707 3000 regis
723 2919 863 2984 licentia
878 2926 913 2984 et
929 2917 1162 2994 attestatione,
1187 2920 1228 2982 ut
1243 2917 1311 2984 fra·

265 3018 376 3082 tribus
393 3017 479 3081 meis
498 3020 767 3097 successoribus,
788 3019 920 3084 scilicet
939 3018 1122 3101 episcopis,
1137 3036 1200 3100 per
1211 3032 1313 3101 cyro-

265 3117 388 3200 graphi
404 3118 598 3183 cautionem
619 3121 773 3203 apertius
795 3120 1021 3196 enuclearem,
1043 3125 1084 3182 ut
1100 3117 1214 3182 sciant
1227 3116 1310 3201 quid

264 3218 373 3283 abeis
395 3225 601 3301 extorquere
619 3221 711 3284 iuste
734 3220 880 3285 debeant
902 3218 1090 3283 secundum
1110 3216 1312 3283 conuentio-

264 3338 341 3382 nem
354 3337 432 3382 cum
446 3319 496 3383 eis
512 3318 638 3384 factam
654 3327 688 3384 et
699 3321 920 3403 sponsionem
936 3337 1050 3397 suam;
1066 3318 1156 3382 unde
1172 3324 1207 3382 et
1222 3316 1311 3383 bane

263 3419 444 3500 epistolam
453 3419 497 3482 ob
507 3421 665 3485 cautelae
674 3439 815 3485 causam
823 3438 1028 3503 componere
1040 3417 1170 3496 studui,
1179 3437 1223 3481 ne
1231 3416 1311 3501 quis

262 3517 437 3601 malignae
464 3519 664 3601 cupiditatis
690 3520 857 3584 instinctu
882 3519 947 3585 boc
973 3518 1131 3601 sequenti
1157 3524 1312 3600 tempore

263 3620 398 3682 mutare
425 3617 558 3695 uolens,
586 3619 744 3682 abiurare
768 3638 790 3683 a
813 3620 955 3684 seruitio
976 3616 1165 3683 aecclesiae
1188 3625 1309 3700 queat

264 3718 364 3782 Haeo
379 3717 499 3799 itaque
518 3718 703 3784 conuentis
720 3738 799 3783 cum
816 3720 866 3784 eis
886 3719 979 3784 facta
994 3726 1060 3796 est,
1077 3720 1154 3801 ipso
1171 3717 1319 3783 domino-

263 3838 338 3881 meo
356 3836 438 3898 rege
457 3826 642 3897 annuente,
668 3827 704 3883 et
726 3839 792 3883 sua
816 3821 1040 3885 attestatione
1055 3817 1310 3883 munificentiae

261 3936 345 3981 suae
359 3917 556 3997 largitatem
580 3920 763 3983 roborante
780 3927 816 3984 et
831 3920 1066 3995 confirmante,
1079 3918 1309 4000 omnibusque

259 4015 369 4098 ipsius
384 4016 560 4096 regiminis
570 4019 783 4102 sapientibus
793 4027 829 4083 et
840 4020 1051 4102 principibus
1063 4017 1308 4083 attestantibus

261 4122 297 4179 et
311 4117 614 4183 consentientibus.
667 4118 749 4186 Hoc
763 4126 866 4203 paeto
884 4121 934 4184 eis
949 4132 1060 4184 terras
1074 4125 1216 4182 sanctae
1230 4126 1308 4182 aec'·
