2850 4876
438 357 612 406 susurru
633 356 979 406 suenossxouicsu.
1172 342 1237 405 139

433 689 437 694 ,
586 612 831 678 mccxcrv.

517 762 781 841 mannaan,
804 764 900 829 1000.

233 911 278 995 ᾖ
298 911 389 975 Pax*
405 918 442 976 et
465 912 615 976 uictoria
638 912 852 995 apostolicae
875 912 955 975 fidei
980 910 1170 976 cultoribus
1198 913 1235 976 in

185 1012 407 1093 perpetuum!
476 1010 677 1077 Aecclesiae
708 1031 793 1076 uero
819 1011 1010 1076 catholicae
1044 1013 1235 1082 auctoritas

184 1110 272 1191 iugis
297 1119 334 1176 et
357 1111 529 1176 indefessa
557 1119 718 1194 optamus
745 1118 783 1176 ut
807 1119 1027 1194 permaneam
1059 1112 1104 1176 ad
1134 1131 1236 1176 sacra

185 1219 299 1274 antem
333 1213 534 1276 sanctuaria
570 1214 607 1275 in
643 1212 770 1276 domini
809 1212 1058 1295 gazophylacio
1096 1211 1236 1276 diuersa

185 1309 345 1374 iubentur
379 1313 503 1376 iactari
534 1331 576 1376 ac
607 1312 722 1378 offerri
759 1312 896 1389 exenia,
931 1313 1014 1396 quia
1045 1313 1118 1393 regi
1152 1319 1236 1376 nato

185 1409 357 1474 coelorum
381 1421 419 1476 ut
446 1413 612 1494 scriptum
636 1421 702 1487 est,
722 1410 862 1493 ‘Reges
884 1419 997 1475 terrae
1013 1431 1156 1475 munera
1172 1413 1235 1476 ob-

186 1509 361 1578 tulerunt?
407 1510 510 1575 Unde
529 1533 596 1594 ego
617 1511 824 1577 AEaelredns
848 1531 910 1575 rex
931 1531 1000 1576 non
1022 1512 1235 1593 incognitum

184 1611 264 1674 uolo
282 1630 359 1674 esse
374 1613 532 1676 omnibns
548 1613 632 1676 mihi
647 1611 957 1694 genuflectentibus
971 1611 1063 1694 quod
1079 1611 1122 1674 ad
1136 1631 1236 1676 sanc·

185 1711 336 1774 tnarium
351 1698 863 1786 Abbandunensis'monasterii,
882 1713 1057 1775 obtinente
1074 1711 1236 1778 uidelicet

185 1809 371 1892 Wulfgaro
386 1812 522 1889 abbate,
539 1812 683 1876 offerens
700 1810 830 1893 largior
848 1828 893 1876 .ν.
912 1830 1110 1875 mansorum
1127 1813 1238 1876 cultu·

186 1929 241 1974 ras
255 1927 322 1976 .111.
335 1913 372 1974 in
383 1911 468 1975 uilla
481 1912 652 1994 Draegtun
666 1929 716 1974 .11.
728 1912 763 1975 in
778 1911 919 1986 Suttun,
930 1931 1008 1974 cum
1022 1930 1092 1974 uno
1108 1913 1236 1976 molen-

186 2010 277 2088 dino,
294 2031 447 2093 campos
463 2031 604 2094 pascua,
620 2018 734 2094 prata,
749 2012 784 2073 in
804 2018 990 2093 perpetuae
1012 2009 1236 2076 haereditatis

185 2111 270 2188 iure,
295 2111 387 2175 sicut
410 2110 627 2193 Wulfgarus,
649 2131 746 2175 meus
767 2109 927 2174 uidelicet
951 2111 1125 2193 pincerna,
1146 2112 1236 2175 obti-

184 2212 269 2275 nuit.
306 2210 424 2274 Huius
437 2218 553 2275 autem
570 2211 740 2275 ruricolae
755 2211 889 2275 telluris
904 2210 1120 2293 praecipiens
1136 2231 1236 2293 prae·

185 2311 275 2394 cipio
298 2317 339 2375 ut
359 2319 587 2394 permaneant
611 2310 721 2399 liberi,
751 2310 944 2392 segregatis
970 2311 1081 2375 trihus
1108 2312 1237 2390 causis,

186 2411 406 2494 expeditione
434 2410 566 2475 scilicet
599 2410 727 2488 hostili,
760 2410 960 2475 fundatione
990 2411 1107 2493 regiae
1135 2412 1236 2489 arcis,

187 2511 437 2576 restauratione
454 2512 582 2594 pontis.
633 2511 770 2594 Siquis
792 2531 874 2576 uero
896 2511 1034 2575 inuidos
1057 2512 1237 2594 ignicomis

187 2610 420 2695 philargyriae
442 2611 589 2676 flammis
608 2630 785 2689 accensus,
806 2611 885 2675 huic
908 2612 1061 2677 ueridico
1083 2611 1237 2677 libellulo

188 2713 294 2776 ulium
311 2712 740 2777 circum-attramentatum
761 2712 962 2796 cupiditatis
983 2713 1124 2778 fallacia
1138 2712 1237 2777 libel-

188 2812 295 2876 lulum
314 2812 593 2896 superimponere
612 2819 756 2877 conatus
771 2812 886 2891 fuerit,
903 2814 950 2877 sit
965 2814 1150 2878 anathema
1164 2831 1236 2877 ma·

190 2919 326 2988 renata,
349 2910 415 2977 hoc
442 2920 507 2990 est,
528 2911 694 2977 alienatio
716 2933 739 2978 a
760 2914 934 2978 consortio
960 2913 1236 2991 christianorum,

189 3013 299 3077 donec
325 3012 528 3095 resipiscens
549 3013 726 3096 poeniteat
750 3014 841 3096 quod
868 3014 905 3077 in
928 3014 1079 3078 inuidiae
1103 3013 1236 3078 fallacis

188 3113 299 3178 liuore
311 3113 530 3195 probauerat.
569 3111 662 3177 Acta
676 3121 730 3177 est
745 3132 828 3193 ergo
843 3113 928 3176 haec
940 3113 1075 3178 cartula
1087 3133 1178 3177 anno
1193 3116 1237 3179 ab

187 3213 425 3280 incarnatione
446 3212 576 3276 domini
598 3212 780 3275 millesimo
806 3231 909 3287 anno,
933 3212 1118 3277 indictione
1141 3231 1235 3278 ‚xiia

189 3320 225 3378 et
250 3320 291 3377 ut
320 3312 406 3376 haec
427 3310 563 3377 cartula
587 3311 795 3376 inuiolabilis
822 3311 996 3374 firmitatis
1027 3311 1236 3377 soliditatem

188 3414 342 3478 obtinere
359 3413 483 3494 possit,

243 3515 283 3594 »1⁴
301 3513 378 3594 Ego
393 3531 454 3575 rex
469 3511 600 3595 primus
614 3511 724 3592 regali
738 3511 884 3575 dextera
895 3511 1037 3574 eandem
1054 3511 1238 3576 corroboro

189 3615 415 3694 manibusque
441 3612 591 3675 omnium
611 3610 695 3674 mihi
715 3613 946 3675 subiectorum
966 3610 1008 3674 ad
1032 3610 1238 3675 confirmau-

190 3713 272 3778 dum
284 3713 471 3796 praecipio.
509 3714 549 3793 »1⁴
566 3711 643 3792 Ego
656 3710 839 3776 AE’delstan
853 3711 946 3775 filins
956 3712 1047 3792 regis
1061 3710 1238 3778 testificor.

194 3817 234 3896 »1⁴
250 3813 327 3896 Ego
351 3810 535 3876 Eadmund
561 3810 701 3876 affirmo.
760 3814 799 3893 ›1‹
820 3811 897 3892 Ego
922 3810 1058 3874 Eadred
1083 3811 1239 3875 testimo-

189 3915 283 3978 nium
300 3911 476 3996 perhibeo.
531 3913 571 3992 *l*
590 3909 666 3991 Ego
686 3909 822 3991 Eaduui
844 3930 912 3973 non
929 3909 1138 3974 contradico.
1194 3914 1234 3997 ιχ(

184 4014 265 4096 'Ego
291 4012 418 4076 AElfric
446 4008 720 4073 Dorouerneusis
749 4008 1028 4091 archiepiscopus
1057 4011 1238 4075 conlaudo.

193 4118 232 4197 ›1‹
248 4114 326 4194 Ego
347 4110 511 4176 Uulsstau
528 4108 753 4172 Eboracensis
771 4108 1049 4191 archiepiscopus
1065 4113 1239 4194 consigno.
