2850 4876
459 348 630 398 cunnrnr
653 348 997 399 suonosnxoruonn.
1172 337 1236 399 107

539 660 544 667 .
565 603 856 671 uccnxxvr.

381 832 386 840 ,
434 753 455 796 *
469 725 772 832 niowunao,
789 755 898 820 about
913 753 990 820 977.

185 956 190 963 .
239 905 278 985 ›1‹
302 902 509 967 Rnounuru
535 903 572 967 in
594 909 799 986 perpetuum
827 902 966 967 domino
990 909 1110 968 nostro
1127 903 1233 969 Ihesu

187 1001 346 1067 Christo!
393 1000 537 1067 Cunctis
571 1020 800 1085 supernorum
824 1010 1057 1068 sacramenta:
1067 1003 1234 1068 donorum

185 1103 331 1168 coalitus
353 1101 653 1185 perscrutantibus
676 1108 799 1168 notum
822 1109 888 1181 est,
910 1102 1004 1185 quod
1030 1121 1100 1167 non
1121 1103 1233 1168 solum

183 1201 287 1268 huius
305 1200 429 1266 mundi
453 1207 579 1278 status,
597 1201 734 1284 antiqui
756 1201 1012 1267 hostisfraude
1034 1201 1235 1285 atquotmo-

184 1302 314 1379 limine,
330 1300 522 1379 deficiendo
540 1302 784 1384 corrumpitur,
809 1320 929 1366 uerum
952 1303 1057 1366 etiam
1074 1303 1112 1367 in
1132 1321 1234 1385 prae·

184 1401 294 1466 sentis
325 1401 421 1465 uitae
453 1419 561 1484 prope
585 1407 831 1464 consummato
866 1401 1051 1478 curriculo,
1065 1453 1067 1457 .
1082 1401 1235 1466 humano

185 1501 417 1584 prouporitur¹
433 1500 631 1582 iniquorum
663 1500 840 1564 hominum
864 1501 943 1564 :acri
975 1501 1167 1566 intentione
1198 1507 1235 1567 et

185 1619 318 1683 uigore
328 1600 624 1681 constringuntur.
663 1599 767 1664 Nunc
780 1618 877 1681 ergo,
889 1599 977 1663 dum
983 1601 1084 1664 nobis
1097 1608 1233 1685 tempus

186 1699 401 1778 catueniae,
417 1699 617 1764 festinemus
635 1698 797 1782 laqueum
819 1698 904 1764 totis
926 1698 1058 1764 nisibus
1080 1699 1235 1767 deuitare

186 1800 322 1875 mortis,
338 1798 490 1881 dumque
512 1798 651 1864 carnale
674 1797 889 1881 possidemus
903 1800 1147 1882 patrimonium
1163 1801 1235 1882 spi·

185 1898 289 1964 ritule
314 1906 531 1964 exerceatur.
551 1897 822 1975 mercimonium,
847 1899 1030 1980 quainter
1059 1898 1235 1980 angelicos

187 1997 318 2062 choros.
335 2017 530 2062 mereamur
552 1996 697 2080 adipisci
723 1997 854 2080 gaudia
874 1997 948 2061 siue
969 1998 1037 2062 fine
1058 2017 1235 2064 mansura.

184 2097 412 2180 Quapropter
420 2096 704 2180 agoEadnueurd
713 2116 775 2162 rex
787 2096 1237 2178 Anglorum,caeterarum·

189 2216 256 2280 que
278 2196 435 2279 gentium
457 2196 668 2275 incircuitu
688 2195 943 2279 persistentium
967 2199 1180 2278 guberuator
1200 2205 1236 2263 et

189 2303 315 2374 rector,
342 2297 478 2361 cuidam
504 2315 588 2361 meo.
616 2294 709 2359 fideli
727 2295 889 2360 autistiti
914 2296 1068 2360 uocitato
1098 2297 1235 2361 nomine

184 2395 343 2461 AElfstsn
367 2411 464 2460 .x111.
488 2395 900 2477 mansasporpetualitsr
924 2395 1088 2473 concedo,
1110 2396 1147 2460 in
1173 2396 1235 2463 illo

185 2495 266 2560 ioco
288 2495 350 2559 ubi
368 2494 569 2559 iamdudum
592 2493 761 2559 ruricolae
786 2493 880 2558 illius
902 2502 1015 2560 terrae
1038 2514 1163 2560 nomen
1182 2496 1235 2560 in·

187 2594 350 2659 diderunt
362 2600 419 2658 not
433 2593 836 2677 cyngestun,2quatonus
856 2593 983 2659 habeat
998 2614 1040 2659 ac
1059 2595 1236 2678 possideat

191 2693 489 2776 quamdiuuitaiis
504 2693 802 2776 spiritusaluerit
828 2712 976 2776 corpus;
1010 2714 1088 2759 cum
1120 2703 1235 2760 sutem

189 2791 428 2859 dissolutionis
452 2793 630 2858 suasdies
658 2791 850 2869 aduenerit,
867 2794 1069 2877 cuicumque
1086 2794 1237 2859 uoluerit

187 2891 330 2961 haeredi
356 2892 592 2976 derelinquat,
605 2910 674 2956 ceu
699 2892 972 2974 supradiximus,
998 2893 1035 2957 in
1058 2901 1234 2958 aeternam

189 2990 451 3057 haereditatem.
500 2991 557 3056 Sit
573 2999 689 3056 autem
708 2992 886 3075 praedicta
909 2992 1051 3058 donatio
1076 2995 1120 3058 ab
1142 2994 1236 3058 omni

189 3091 372 3157 mundiali
389 3091 569 3156 obstaculo
601 3091 722 3168 libera,
752 3110 829 3155 cum
855 3093 1014 3157 omnibus
1044 3091 1235 3159 adserito

189 3190 441 3274 pcrtinentibus
469 3191 612 3275 campis,
642 3191 792 3274 pascuis,
818 3191 952 3273 pratis,
968 3191 1124 3274 exceptis
1158 3193 1234 3257 istis

188 3291 313 3367 trihus,
329 3290 566 3373 expeditione,
577 3291 693 3373 pontis
719 3290 1146 3357 arcisueconstructione.
1196 3291 1235 3357 Si

190 3391 267 3472 quis
284 3408 368 3454 uero
383 3388 560 3454 hominum
582 3389 673 3457 hanc
688 3409 800 3454 meam
817 3389 1039 3454 donationem
1056 3408 1134 3453 cum
1149 3390 1236 3455 stul-

190 3490 287 3554 titiae
318 3490 513 3553 temeritate
535 3489 726 3555 iactitando
755 3488 942 3571 infringere
969 3489 1164 3567 certauerit,
1190 3490 1237 3554 sit

190 3588 264 3670 ipse
290 3588 455 3669 grauibus
481 3608 542 3671 per
559 3588 649 3653 colla
671 3588 854 3671 depressus
876 3588 1008 3653 catenis
1030 3588 1120 3652 inter
1141 3588 1236 3651 flam-

191 3688 360 3751 miuomas
391 3694 559 3751 tetrorum
595 3688 799 3751 daemonum
836 3695 1007 3765 cateruas,
1041 3687 1107 3750 nisi
1139 3688 1235 3770 prius

144 3804 148 3811 ·
192 3784 234 3850 ad
266 3785 537 3851 satisfactionem
570 3787 689 3851 uenire
727 3786 897 3850 maluerit.
961 3786 1045 3851 Istis
1082 3786 1236 3850 terminis

190 3885 366 3968 praedicta
387 3891 481 3949 terra
503 3886 756 3967 circumgyrato
773 3904 848 3949 csse
866 3885 1013 3949 uidetur.
1051 3885 1132 3951 ¹Dis
1158 3885 1236 3949 sind

190 3991 236 4050 ita
267 3973 502 4066 landgemffiro
536 3974 574 4049 tf>
610 3974 834 4066 Cyngestsrne
868 4003 956 4057 aecer
986 3983 1092 4047 onder
1118 4003 1235 4048 accere.

191 4083 310 4148 AErest
335 4084 377 4148 of
398 4083 554 4147 Eoccene
579 4102 624 4146 on
654 4073 851 4166 mereporn3
886 4083 926 4146 of
953 4072 1159 4167 mffireporne
1190 4104 1235 4148 on
