2850 4876
609 340 808 389 nrrnnnrx.
1173 324 1237 390 241

184 505 246 561 aut
260 497 419 560 libertate
435 515 539 578 quam
556 495 600 559 ad
616 516 716 562 suum
732 496 886 560 hundred
906 497 955 560 eis
969 498 1123 561 concessi
1137 499 1234 581 quic·

185 617 289 678 quam
304 597 462 679 perdant,
472 596 533 658 sed
545 595 694 660 babeant
707 597 772 678 ipsi
784 597 832 659 ibi
843 597 959 659 omnia
974 615 1063 681 quae
1075 597 1120 660 ad
1132 617 1233 662 suum

184 697 250 772 ius,
274 697 309 761 id
338 696 461 759 estad
487 697 626 759 tertium
654 697 897 771 centuriatum,
925 697 1232 780 pertinentesque

184 797 321 878 integra
339 798 409 859 acsi
433 815 493 878 per
513 815 550 858 se
571 802 768 878 separatum
792 804 919 872 essent,
936 795 1097 861 uidelicet
1115 797 1232 863 debita

184 897 497 978 transgressionum
513 902 548 958 et
560 915 705 978 poenam
720 895 934 972 delictorum,
946 903 981 960 et
994 904 1131 961 caetera
1142 917 1232 980 quae

185 997 343 1079 superius
370 995 617 1078 comprehensa
638 1003 732 1072 sunt,
752 1014 842 1077 quae
859 996 1036 1059 eislibere
1058 1004 1094 1062 et
1116 998 1232 1079 quiete

186 1095 433 1178 perpetualiter
462 1095 609 1159 tenenda
642 1096 815 1174 concessi3
842 1094 979 1177 sintque
1004 1095 1091 1160 baec
1116 1098 1232 1162 omnia

186 1207 221 1260 et
235 1214 462 1278 quaecunque
486 1194 624 1258 illorum
643 1197 726 1258 sunt
751 1195 815 1259 sub
842 1196 916 1258 eius
938 1203 1098 1261 manuet
1115 1204 1232 1279 potes-

186 1302 270 1372 tate,
286 1294 345 1376 qui
366 1294 452 1376 ipsis
475 1295 510 1357 in
532 1295 716 1358 monastici
736 1293 866 1359 ordinis
887 1295 1053 1375 regimine
1075 1297 1140 1359 sub
1163 1298 1232 1379 epi-

186 1411 292 1477 scopo
317 1394 533 1476 praepositus
553 1394 668 1457 fuerit.
721 1392 790 1471 Qui
814 1393 844 1457 si
867 1394 1082 1460 seuiderint
1104 1395 1231 1461 iniuste

187 1495 328 1576 grauari
345 1493 401 1557 uel
416 1494 452 1556 ui
467 1493 625 1576 opprimi,
641 1493 693 1556 fas
712 1493 759 1557 sit
775 1494 825 1556 eis
848 1493 892 1556 ad
907 1495 1024 1575 regiae
1039 1496 1232 1560 maiestatis

186 1601 221 1657 et
236 1594 484 1675 archiepiscopi
505 1612 652 1656 examen
675 1599 711 1655 et
726 1592 883 1669 tutelam,
900 1594 930 1656 si
952 1601 1067 1657 tamen
1083 1602 1232 1660 'necesse

186 1693 300 1768 fuerit,
319 1693 517 1774 confugere,
545 1693 765 1775 quipropter
786 1693 887 1756 deu'm
909 1695 1095 1775 equitatem
1114 1695 1232 1759 etole-

187 1801 335 1857 mentem
350 1793 580 1857 defensionem
597 1793 646 1855 eis
661 1792 873 1874 impendant.
904 1791 1131 1858 Seruantibus
1147 1794 1232 1860 baec

188 1894 261 1956 uita
270 1891 772 1957 aeternatribnaturadomino
783 1893 818 1955 in
828 1892 1044 1959 coelestibus.
1075 1892 1231 1971 Quicun-

188 2013 254 2076 que
269 2012 352 2056 uero
367 1992 576 2055 imminuerit
591 1992 648 2055 uel
667 1993 703 2054 in
717 1992 816 2073 peius
838 1992 1004 2055 mutando
1019 1994 1232 2058 subtraxerit

188 2094 236 2156 eis
266 2093 451 2174 quicquam
480 2091 522 2155 de
548 2092 602 2166 iis,
628 2091 675 2155 sit
702 2110 783 2173 pars
812 2092 887 2154 eius
919 2112 995 2155 cum
1026 2092 1170 2156 Datban
1196 2101 1232 2157 et

187 2189 333 2273 Abiron,
355 2200 390 2256 et
422 2211 499 2255 cum
515 2250 516 2253 ,
535 2190 626 2254 Iuda
655 2190 820 2254 traditore
850 2191 990 2267 domini,
1024 2200 1059 2257 et
1092 2191 1231 2256 Iuliano

187 2299 349 2374 apostata
386 2292 631 2355 aecclesiarum
669 2290 724 2353 dei
740 2309 967 2373 ..oppressore
990 2299 1036 2355 ‘et
1068 2292 1231 2374 'persecu-

188 2399 274 2468 tore,
293 2399 432 2456 aeterno
453 2390 673 2455 anathemate
701 2389 830 2471 ligatus
851 2411 927 2455 cum
956 2391 1093 2454 diabolo
1116 2398 1151 2454 et
1172 2411 1231 2455 an·

188 2492 275 2572 gelis
303 2492 376 2554 eius
401 2491 625 2554 infernalibus
655 2491 794 2572 ignibus
820 2497 987 2572 perpetuo
1015 2490 1232 2568 cruciandus

187 2591 253 2654 nisi
289 2591 470 2673 resipiscat
504 2597 539 2653 et
563 2590 733 2667 emendet,
774 2587 907 2654 Amen!
951 2592 1070 2654 amen!
1109 2592 1230 2655 amen!

190 2691 288 2754 Fiat!
319 2691 398 2753 fiat!
426 2690 506 2752 fiat!
566 2689 677 2753 Facta
702 2697 784 2754 sunt
810 2690 895 2753 haec
922 2709 1011 2753 anno
1040 2689 1231 2755 dominicae

187 2782 382 2853 natiuitatis
410 2805 668 2853 mccconxuu.
694 2789 882 2853 indictione
908 2791 1119 2873 .v111.regni
1148 2811 1231 2856 nero

188 2889 340 2970 Eadgari
358 2886 550 2970 Anglorum
580 2889 671 2969 regis
688 2906 759 2967 ‚vl.,
775 2889 811 2952 in
837 2891 934 2972 regia
958 2891 1043 2954 urbe
1070 2910 1160 2972 quae
1188 2893 1232 2955 ab

187 2988 308 3052 incolis
327 2987 605 3053 Gleaweceastre
636 2989 844 3064 nominatur,
875 2990 912 3052 in
944 2990 1059 3054 natale
1090 2991 1232 3073 domini,

188 3088 412 3170 festi[uitate]
442 3094 640 3151 sanctorum
665 3089 895 3164 innocentum,
924 3088 1010 3152 feria
1038 3107 1118 3154 .1111.
1172 3091 1233 3154 Dis

187 3188 319 3271 syndon
334 3187 378 3251 ba
398 3208 440 3269 ge
458 3235 598 3252 ......
615 3177 745 3252 πῶτοη
764 3235 772 3252 .
789 3234 797 3250 .
816 3184 885 3250 mid
906 3192 972 3272 b..
989 3194 1156 3270 tumunge
1171 3210 1231 3271 ge-

188 3289 348 3372 trymdon
372 3288 439 3351 and
461 3333 604 3351 ......
621 3306 681 3349 urs
709 3287 837 3368 allinge
858 3287 1094 3368 gefaestnodon
1113 3281 1232 3372 fippon

188 3389 294 3452 allum
321 3376 403 3452 bam
429 3393 473 3451 tte
497 3388 551 3450 bis
579 3377 698 3452 findo&
728 3386 818 3451 olibe
840 3386 1022 3468 gewanialt
1055 3390 1144 3451 olibe
1163 3385 1231 3470 'ge-

187 3491 335 3552 nemnab
359 3531 394 3551 ..
422 3484 504 3550 obbo
539 3486 580 3550 of
604 3476 700 3550 ’δῶτε
725 3485 897 3551 munekan
932 3477 1088 3551 anwalde
1112 3487 1161 3551 eft
1187 3507 1232 3552 on

186 3588 332 3651 clerican
351 3587 444 3650 hand
461 3591 642 3668 getyrnab.
669 3634 672 3641 .
999 3580 1001 3584 ’

241 3690 279 3768 nl<
318 3687 394 3768 Ego
429 3686 569 3765 Eadgar
585 3685 748 3749 basileus
780 3683 974 3767 Anglorum
1009 3694 1044 3750 et
1083 3686 1233 3768 impera·

186 3795 240 3851 tor
284 3807 403 3868 regum
448 3785 604 3868 gentium
648 3805 726 3849 cum
763 3804 931 3849 consensu
968 3786 1160 3867 principum
1198 3795 1233 3851 et

186 3887 432 3950 archuntorum
480 3904 632 3948 meorum
679 3885 768 3947 banc
812 3903 923 3946 meam
965 3885 1232 3951 munificentiam

185 3987 284 4068 signo
329 3987 440 4050 crucis
488 3984 616 4047 Christi
664 3984 859 4047 corroboro.
934 3986 973 4064 ›1‹
1022 3984 1098 4065 Ego
1143 3985 1232 4048 AElf-

183 4090 272 4168 bryo
294 4087 414 4167 regina
435 4085 593 4148 consensi
610 4090 645 4146 et
666 4084 766 4164 signo
791 4081 903 4144 crucis
921 4081 1131 4147 confirmabi.
1188 4089 1227 4167 ›1‹

234 4204 319 4248 rou.
339 4203 384 4248 vr.
1060 4201 1083 4247 a
