2850 4876
186 322 230 386 16
443 336 616 384 curaris
642 334 987 384 nuonosnxourcnu.

188 496 299 559 tiones
316 494 360 558 ad
373 492 568 557 huiusmodi
587 512 657 555 rem
671 493 897 556 exercendam
913 492 1043 573 absque
1058 493 1243 557 exactione

187 596 294 677 precii
329 614 350 658 a
381 594 653 676 calumpniatore
686 592 741 655 uel
772 592 1006 674 calumpniato
1038 593 1130 656 intra
1159 612 1241 675 pro-

187 695 335 759 cinctum
367 694 566 758 monasterii
599 699 745 769 tantum,
780 691 840 756 sed
868 699 969 756 extra
1000 691 1161 756 efferendi
1195 693 1241 757 ad

187 795 290 859 uillas
311 813 392 858 suas
410 795 464 857 uel
482 812 605 858 causas
627 793 772 856 aliorum
796 790 949 873 agendas
973 811 1042 855 non
1063 792 1242 858 habebunt

187 902 406 977 potestatem.
468 892 683 958 Relaxamus
707 893 810 957 etiam
834 912 893 956 eos
921 892 981 974 qui
1004 893 1096 957 iutra
1119 892 1241 957 uillam

187 995 297 1077 ipsius
314 995 511 1076 procinctus
529 1000 784 1057 commorantur
806 1013 828 1055 a
848 992 994 1057 collecta
1017 980 1240 1057 denariorum

187 1114 293 1176 quam
308 1094 502 1159 romescoth
519 1093 709 1176 appellant,
722 1094 811 1157 sicut
828 1092 1024 1157 relaxatum
1040 1101 1093 1158 est
1111 1112 1132 1156 a
1147 1094 1245 1175 regi·

187 1196 252 1259 bus
279 1194 356 1259 Offa
382 1203 417 1259 et
438 1193 590 1258 Kauulfo
612 1202 648 1258 et
677 1193 849 1274 Eadgaro,
876 1199 912 1256 et
934 1193 1051 1257 omnia
1075 1212 1165 1276 quae
1193 1195 1240 1259 ad

186 1295 379 1360 libertatem
397 1301 433 1358 et
450 1293 695 1358 exaltationem
710 1292 803 1357 illius
820 1292 888 1356 loci
903 1313 966 1374 per
982 1300 1136 1357 nostram
1154 1314 1242 1359 auc·

187 1396 363 1459 toritatem
375 1394 536 1459 accedere
552 1400 709 1476 possunt,
718 1391 819 1456 hilari
837 1401 873 1457 et
887 1400 1048 1475 prompta
1057 1394 1241 1459 uoluntate

187 1496 415 1560 concedimus.
463 1493 636 1558 Nimirum
653 1514 731 1557 cum
755 1512 820 1574 ego
834 1492 885 1555 illi
904 1500 1024 1558 sancto
1043 1493 1120 1559 loco
1135 1496 1240 1577 quasi

186 1595 371 1659 multorum
381 1613 502 1676 regum
518 1595 727 1676 temporibus
739 1593 896 1675 neglecto
905 1593 1123 1675 praetulerim,
1132 1614 1239 1678 quem

186 1702 309 1776 postea
338 1694 463 1758 additis
490 1695 521 1757 ei
547 1693 732 1776 aliquantis
760 1693 862 1758 terris
886 1693 1075 1757 uenerabili
1098 1693 1239 1761 Wlsino

186 1795 339 1859 eiusdem
370 1794 437 1859 loci
466 1794 634 1858 monacho
667 1793 982 1859 commendauimus
1016 1795 1244 1874 seruandum·

187 1914 274 1976 quas
292 1894 423 1959 scilicet
445 1902 554 1959 terras
576 1894 631 1957 hic
654 1893 817 1958 denotare
835 1914 904 1959 uon
922 1894 1120 1958 omittimus.
1174 1895 1239 1961 In-

187 1995 306 2077 primis
323 1995 414 2059 circa
429 1994 515 2058 illud
533 1996 779 2059 monasterium
795 2011 839 2057 .v.
853 2013 992 2058 mansas
1010 2013 1031 2059 a
1046 1996 1240 2061 uenerabili

187 2115 268 2176 rege
285 2094 447 2176 Eadgaro
466 2112 579 2159 .o.xx.
597 2095 770 2159 mancusis
788 2095 875 2171 auri,
894 2114 963 2157 una
978 2113 1056 2158 cum
1068 2085 1238 2177 locoemi,

187 2205 312 2259 etcum
330 2195 518 2259 redditibus
528 2202 657 2259 etcum
671 2193 769 2260 terris
787 2213 874 2277 quas
886 2193 1022 2276 antiqui
1038 2214 1150 2276 reges,
1168 2197 1240 2261 sci·

186 2294 268 2359 licet
278 2294 368 2373 Offa,
380 2295 566 2371 Kenulqu,
579 2303 613 2359 et
625 2294 799 2370 Alfredus,
809 2295 860 2358 illi
871 2301 993 2358 sancto
1001 2294 1079 2359 loco
1088 2296 1240 2377 benigue

186 2393 363 2458 dederant.
417 2394 507 2459 Item
532 2411 576 2458 .v.
599 2414 738 2458 mansas
760 2394 796 2457 iu
820 2392 1035 2471 Blekinham,
1058 2403 1094 2459 et
1118 2412 1180 2461 .vr.
1201 2397 1239 2461 in

189 2494 426 2575 Lowereslege
443 2514 465 2559 a
487 2493 642 2576 praefato
666 2514 747 2576 rege
762 2494 827 2557 emi
847 2488 899 2557 ,xi
913 2493 1085 2559 mancusis
1106 2496 1183 2560 auri
1200 2505 1238 2563 et

187 2593 303 2657 addidi
327 2595 537 2658 monasterio
566 2594 733 2676 praefato.
795 2592 896 2658 Item·
910 2601 1081 2660 mercatus
1109 2614 1187 2660 sum
1214 2617 1237 2663 a

187 2694 375 2757 uenerabili
442 2693 662 2758 AEitelwoldo
703 2686 935 2759 Wiutoniensi
977 2695 1139 2777 episcopo
1183 2714 1235 2764 .Χ.

187 2812 335 2871 mansas
351 2801 386 2858 et
402 2811 452 2857 .x.
472 2813 493 2856 a
505 2794 654 2877 quodam
664 2794 816 2859 Wlnotio
826 2793 933 2857 milite
950 2796 1041 2874 regis
1056 2786 1238 2876 octoginta

186 2894 281 2957 libris
298 2894 434 2975 probati
456 2896 602 2975 argenti,
618 2914 744 2976 easque
762 2895 827 2958 sub
845 2913 913 2958 uno
929 2894 1100 3076 tqqitnrm
1116 2894 1238 2963 addidi

187 2993 343 3075 praefato
357 2995 565 3058 monasterio
586 2994 621 3057 in
643 2994 719 3059 loco
736 2994 867 3058 scilicet
882 2993 941 3076 qui
997 2994 1131 3059 eudune
1148 2996 1236 3062 dici-

186 3099 254 3156 tur.
308 3093 395 3156 item
413 3101 483 3157 tres
498 3101 655 3159 cassatos
670 3094 737 3157 emi
753 3113 775 3157 a
792 3093 941 3177 quodam
959 3093 1126 3159 Eadnoiio
1141 3098 1237 3178 regis

185 3191 342 3256 ministro
357 3210 438 3258 ,xm
448 3193 544 3256 libris
553 3195 588 3257 iu
599 3194 675 3258 loco
689 3194 749 3276 qui
759 3193 988 3258 Codenhleaw
1001 3214 1112 3259 nuncu
1116 3202 1235 3277 patur,

185 3299 221 3355 et
255 3291 371 3355 addidi
403 3293 580 3374 praedicto
611 3294 699 3358 loco.
753 3292 903 3372 Quidam
935 3301 1050 3358 autem
1079 3295 1238 3363 minister

185 3392 276 3472 regis
293 3392 329 3454 in
342 3392 532 3457 Middilsex
549 3393 767 3457 mansitando
780 3392 943 3457 AElfwiue
956 3394 1236 3480 uocitamincqui

185 3490 303 3555 adiens
329 3492 445 3555 limina
471 3501 667 3558 sanctorum
694 3493 929 3575 apostolorum
951 3492 1047 3559 Petri
1069 3503 1105 3559 et
1127 3494 1236 3563 Pauli

185 3591 319 3655 Romae
337 3592 480 3668 scilicet,
497 3599 532 3656 et
549 3590 662 3674 gratia
678 3593 815 3675 inopiae
832 3593 931 3674 petiit
947 3613 969 3656 a
986 3613 1040 3658 me
1056 3595 1234 3676 quoddam

184 3691 452 3767 amminiculum,
473 3693 532 3773 qui
548 3692 768 3757 commodans
793 3693 825 3755 ei
849 3710 957 3757 ,xxx
975 3693 1080 3758 libras
1095 3698 1235 3777 argenti

183 3790 320 3871 suscepi
359 3791 402 3853 ab
434 3810 475 3855 co
508 3809 596 3856 .vur.
632 3812 769 3856 mansas
806 3792 985 3857 cuiusdam
1023 3794 1157 3859 telluris
1196 3797 1233 3861 in

184 3887 400 3967 Hanewelle,
424 3897 459 3954 at
484 3891 600 3955 addidi
620 3892 696 3956 loco
719 3892 1014 3973 saepenominato.
1067 3893 1158 3959 Item
1177 3913 1231 3963 .x.

183 3995 338 4053 cassatos
359 3991 426 4054 emi
448 3992 491 4054 ab
513 3991 653 4074 AElfego
668 3993 756 4057 duce
778 3992 933 4056 ducentis
955 3994 1129 4058 mancusis
1153 3998 1232 4061 auri

182 4088 217 4149 in
236 4086 311 4151 loco
330 4089 389 4171 qui
401 4089 585 4157 Suunabiri
600 4093 726 4158 dicitur
739 4099 775 4156 et
790 4092 867 4157 dedi
885 4091 1040 4175 praefato
1052 4094 1229 4161 coenobio.
