2850 4876
455 396 628 445 casuras
649 397 993 449 sscwssxorucsu
1180 386 1245 449 117

194 546 353 616 er'eatura
370 552 473 618 ualde
487 555 579 618 bona
601 553 639 617 in
660 555 831 637 principio
854 555 1004 620 formata
1023 557 1242 642 formosaque

194 659 325 728 creata,
341 661 447 736 atque
474 655 631 737 speciose
662 654 837 737 plasmata
866 665 932 727 est,
952 677 1062 739 supra
1087 668 1125 722 et
1150 659 1244 722 iufra

192 751 322 829 coelos,
344 759 417 816 tam
439 753 476 816 in
499 753 634 835 angelis
655 773 761 838 qnam
784 755 890 817 etiam
909 757 945 819 in
968 757 1177 833 bominibus,
1198 777 1242 822 ac

193 851 405 916 multimodis
418 871 461 917 ac
473 853 621 918 diuemis
640 854 823 937 speciebus
843 854 1085 932 iumentorum,
1106 859 1241 922 anina·

193 951 289 1029 lium,
314 951 474 1035 piscium,
503 953 696 1030 uolucrum,
724 973 816 1036 quae
839 956 957 1018 omnia
983 966 1130 1021 naturae
1154 976 1241 1022 suae

192 1051 269 1115 iura
289 1059 378 1115 nutu
399 1054 567 1118 creatoris
590 1054 812 1136 persoluent3
834 1055 902 1118 nisi
925 1054 1028 1120 bomo
1049 1055 1158 1132 solus,
1178 1059 1240 1140 qni

192 1150 747 1236 adimaginemsuamplasmatns
755 1156 1240 1238 estetomnibuspraelatus,

192 1254 307 1314 umen
320 1261 462 1334 propter
481 1253 814 1335 praeuaricationem
837 1273 1001 1319 corruens
1019 1256 1058 1319 in
1079 1265 1240 1334 mortem,

191 1360 224 1414 et
244 1352 393 1434 primam
415 1352 674 1417 inmortalitatis
694 1353 821 1418 stolam
848 1355 1090 1418 miserabiliter
1109 1355 1239 1420 domini

191 1451 467 1534 contempnendo
487 1453 689 1517 mandatnm
706 1454 836 1518 amisit.
881 1454 1018 1518 Idcirco
1039 1455 1121 1519 illae
1148 1457 1239 1520 diui·

191 1551 260 1625 tiae
277 1551 473 1633 diligendae
493 1560 587 1628 sunt,
611 1572 704 1637 quae
719 1572 895 1636 nunquam
908 1553 1084 1638 decipiunt
1108 1554 1239 1620 baben·

190 1653 273 1728 tem,
287 1655 352 1714 nec
368 1653 405 1715 in
420 1651 499 1734 ipsa
525 1661 636 1717 morte
659 1654 888 1733 amittuutnr;
908 1653 969 1717 sed
995 1654 1077 1737 plns
1105 1655 1238 1719 babon-

191 1749 275 1816 dant
301 1751 385 1815 dum
413 1752 566 1816 cernitur
588 1752 681 1835 quod
709 1761 858 1817 amatur.
921 1753 1147 1837 Quapropter
1171 1775 1240 1837 ego

191 1850 410 1928 AE'd'elredus,
436 1852 576 1916 fauente
599 1871 750 1936 superno
775 1853 916 1915 numine
941 1854 1093 1918 basileos
1119 1854 1238 1919 indus·

190 1952 276 2015 trius
305 1948 499 2034 Anglorum
526 1959 811 2033 caeterarumque
841 1952 996 2034 gentium
1029 1954 1066 2016 in
1092 1953 1240 2018 circuitu

189 2053 457 2132 persistentium,
489 2051 626 2116 cuidam
658 2051 753 2116 fideli
786 2071 864 2116 meo
891 2053 1048 2116 ministro
1082 2054 1238 2118 uocitato

189 2152 326 2216 nomine
342 2152 504 2236 Brybtrio
525 2153 571 2215 ob
591 2151 686 2215 illius
707 2153 856 2216 amabile
875 2153 1078 2234 obsequium
1094 2154 1238 2235 eiusque

188 2250 351 2332 placabili
375 2251 541 2316 fidelitate
566 2268 658 2316 ‚vnn
688 2272 828 2316 mansas
857 2253 961 2316 iuxta
989 2252 1118 2315 flumen
1143 2254 1237 2335 qnod

189 2349 324 2435 Cynete
355 2353 541 2429 uocitatur,
568 2352 654 2416 illud
685 2352 849 2416 uidelicet
879 2371 939 2414 rus
970 2352 1063 2435 qnod
1096 2353 1237 2418 AEticric

188 2451 327 2533 quidam
348 2452 498 2516 rusticus
518 2453 616 2535 prius
641 2452 802 2516 babuisse
823 2453 1035 2534 agnoscitur,
1056 2452 1237 2534 largiendo

187 2549 334 2616 libenter
346 2552 537 2616 concedens
551 2552 761 2634 perdonabo,
774 2559 948 2635 quatenus
968 2552 1028 2616 ille
1049 2553 1138 2617 bene
1157 2573 1236 2636 per-

187 2650 323 2716 fruatur
341 2672 382 2716 ac
398 2652 645 2735 perpetualiter
662 2651 849 2735 possideat,
864 2653 947 2716 dum
970 2652 1072 2717 buius
1086 2652 1235 2717 labentis

187 2753 266 2815 aeui
288 2772 427 2817 cursum
452 2760 607 2817 transeat
630 2751 792 2829 inlaesus,
820 2761 925 2836 atque
951 2753 1068 2816 uitalis
1093 2754 1235 2834 spiritns

186 2851 222 2915 in
237 2852 453 2936 corruptibili
467 2872 570 2916 carne
591 2851 787 2926 inhaereat;
811 2860 847 2916 et
865 2861 946 2934 post
968 2872 1007 2916 se
1030 2854 1235 2936 cuicumque

186 2951 336 3017 uoluerit
369 2953 566 3035 perenniter
596 2953 824 3035 derelinquat,
850 2953 954 3016 sicuti
986 2952 1234 3035 praediximus,

185 3052 220 3116 in
254 3059 432 3118 aeternam
463 3052 724 3117 haereditatem.
785 3052 839 3116 Sit
872 3061 988 3116 autem
1022 3053 1233 3136 praedictum

187 3168 244 3216 rus
264 3152 409 3217 liberum
434 3155 479 3216 ab
501 3153 594 3217 omni
619 3150 784 3216 mundiali
806 3152 999 3230 obstaculo,
1022 3173 1101 3215 cum
1122 3155 1233 3218 omni·

98 3245 101 3250 ’
186 3253 250 3316 bus
270 3273 359 3337 quae
376 3253 421 3316 ad
443 3253 557 3336 ipsum
579 3252 691 3316 locum
717 3249 885 3333 pertinere
901 3251 1140 3329 dinoscuntur,
1159 3261 1232 3318 tam

185 3351 221 3416 in
244 3354 379 3435 magnis
400 3373 505 3435 quam
532 3354 569 3417 in
595 3352 738 3416 modicis
767 3351 882 3427 rebus,
907 3351 1050 3432 campis,
1082 3353 1233 3431 pascuis,

184 3453 303 3535 pratis,
328 3453 438 3530 siluis,
456 3452 611 3536 exceptis
632 3451 709 3516 istis
724 3451 846 3526 tribus,
861 3449 1095 3532 expeditione,
1117 3451 1234 3531 pontis

185 3552 319 3617 areisue
358 3553 649 3617 coaedificatione.
714 3551 819 3615 Hanc
855 3570 938 3615 uero
976 3569 1088 3613 meam
1124 3549 1232 3613 dona·

185 3652 313 3716 tionem
351 3652 583 3717 minuentibus
625 3658 732 3734 atque
766 3651 1018 3732 frangentibus,
1051 3648 1114 3713 fiat
1149 3668 1232 3732 pars

185 3771 301 3817 eorum
321 3772 400 3816 cum
420 3753 488 3817 illis
508 3754 551 3816 de
574 3752 701 3834 quibus
723 3758 884 3815 econtra
906 3750 1010 3827 fatur,
1033 3748 1231 3815 ‘Discedite

184 3871 205 3915 a
227 3873 281 3918 me
310 3853 483 3917 maledicti
509 3852 685 3932 inignem
714 3858 905 3926 aeternum,
928 3850 985 3931 qui
1012 3856 1155 3931 paratus
1178 3857 1232 3915 est

184 3951 334 4018 Satanae
363 3960 399 4016 et
427 3951 636 4015 satellitibus
674 3949 773 4026 eius,'
803 3950 870 4013 nisi
900 3949 997 4030 prius
1027 3940 1134 4029 digna
1165 3949 1231 4015 deo

184 4054 394 4135 poenitentia
420 4050 525 4132 legali
547 4049 783 4114 satisfactione
808 4047 999 4113 emendent.
1052 4047 1135 4113 Istis
1165 4057 1230 4115 ter·

183 4153 282 4218 minis
324 4151 506 4235 praedicta
544 4158 636 4213 terra
675 4149 932 4232 circumgyrato
967 4166 1044 4213 esse
1082 4149 1229 4216 uidetur.
