<?xml version="1.0" encoding="UTF-8"?>
<!DOCTYPE html PUBLIC "-//W3C//DTD XHTML 1.0 Transitional//EN"
    "http://www.w3.org/TR/xhtml1/DTD/xhtml1-transitional.dtd">
<html xmlns="http://www.w3.org/1999/xhtml" xml:lang="en" lang="en">
 <head>
  <title>
</title>
<meta http-equiv="Content-Type" content="text/html;charset=utf-8" />
  <meta name='ocr-system' content='tesseract 3.04.00' />
  <meta name='ocr-capabilities' content='ocr_page ocr_carea ocr_par ocr_line ocrx_word'/>
</head>
<body>
  <div class='ocr_page' id='page_1' title='image "./codexdiplomatic01kembgoog_0285.png"; bbox 0 0 2850 4876; ppageno 0'>
   <div class='ocr_carea' id='block_1_1' title="bbox 260 344 1055 410">
    <p class='ocr_par' dir='ltr' id='par_1_1' title="bbox 260 344 1055 410">
     <span class='ocr_line' id='line_1_1' title="bbox 260 344 1055 410; baseline -0.006 0"><span class='ocrx_word' id='word_1_1' title='bbox 260 344 327 410; x_wconf 74' lang='lat'><strong>238</strong></span> <span class='ocrx_word' id='word_1_2' title='bbox 508 358 681 407; x_wconf 75' lang='lat' dir='ltr'><strong>cnnnrln</strong></span> <span class='ocrx_word' id='word_1_3' title='bbox 706 355 1055 405; x_wconf 75' lang='lat' dir='ltr'><strong>nucnosnxourcnn.</strong></span> 
     </span>
    </p>
   </div>
   <div class='ocr_carea' id='block_1_2' title="bbox 262 510 1317 1395">
    <p class='ocr_par' dir='ltr' id='par_1_2' title="bbox 262 510 1317 1395">
     <span class='ocr_line' id='line_1_2' title="bbox 262 510 1315 594; baseline -0.001 -13"><span class='ocrx_word' id='word_1_4' title='bbox 262 515 582 582; x_wconf 88' lang='lat' dir='ltr'><strong>sanctimonialibus</strong></span> <span class='ocrx_word' id='word_1_5' title='bbox 600 516 784 594; x_wconf 82' lang='lat' dir='ltr'><strong>constitui3</strong></span> <span class='ocrx_word' id='word_1_6' title='bbox 808 522 844 578; x_wconf 89' lang='lat' dir='ltr'><strong>et</strong></span> <span class='ocrx_word' id='word_1_7' title='bbox 859 515 890 578; x_wconf 90' lang='lat' dir='ltr'><strong>si</strong></span> <span class='ocrx_word' id='word_1_8' title='bbox 904 510 1064 579; x_wconf 85' lang='lat' dir='ltr'><strong>Christus</strong></span> <span class='ocrx_word' id='word_1_9' title='bbox 1082 513 1166 579; x_wconf 91' lang='lat' dir='ltr'><strong>mihi</strong></span> <span class='ocrx_word' id='word_1_10' title='bbox 1182 515 1315 580; x_wconf 88' lang='lat' dir='ltr'><strong>tamdiu</strong></span> 
     </span>
     <span class='ocr_line' id='line_1_3' title="bbox 264 613 1316 699; baseline 0 -19"><span class='ocrx_word' id='word_1_11' title='bbox 264 619 370 682; x_wconf 89' lang='lat' dir='ltr'><strong>uitam</strong></span> <span class='ocrx_word' id='word_1_12' title='bbox 391 617 612 693; x_wconf 84' lang='lat' dir='ltr'><strong>concesserit,</strong></span> <span class='ocrx_word' id='word_1_13' title='bbox 639 635 749 699; x_wconf 91' lang='lat' dir='ltr'><strong>usque</strong></span> <span class='ocrx_word' id='word_1_14' title='bbox 775 613 819 679; x_wconf 92' lang='lat' dir='ltr'><strong>ad</strong></span> <span class='ocrx_word' id='word_1_15' title='bbox 845 615 1170 699; x_wconf 87' lang='lat' dir='ltr'><strong>quinquagesimum</strong></span> <span class='ocrx_word' id='word_1_16' title='bbox 1196 617 1316 680; x_wconf 89' lang='lat' dir='ltr'><strong>remis·</strong></span> 
     </span>
     <span class='ocr_line' id='line_1_4' title="bbox 263 715 1314 782; baseline 0 -1"><span class='ocrx_word' id='word_1_17' title='bbox 263 718 369 782; x_wconf 90' lang='lat' dir='ltr'><strong>sionis</strong></span> <span class='ocrx_word' id='word_1_18' title='bbox 385 736 564 782; x_wconf 89' lang='lat' dir='ltr'><strong>numerum</strong></span> <span class='ocrx_word' id='word_1_19' title='bbox 582 735 679 779; x_wconf 87' lang='lat' dir='ltr'><strong>meae</strong></span> <span class='ocrx_word' id='word_1_20' title='bbox 694 715 841 779; x_wconf 90' lang='lat' dir='ltr'><strong>deuotae</strong></span> <span class='ocrx_word' id='word_1_21' title='bbox 858 716 923 779; x_wconf 92' lang='lat' dir='ltr'><strong>deo</strong></span> <span class='ocrx_word' id='word_1_22' title='bbox 946 715 1202 780; x_wconf 86' lang='lat' dir='ltr'><strong>munificentiae</strong></span> <span class='ocrx_word' id='word_1_23' title='bbox 1217 715 1314 781; x_wconf 87' lang='lat' dir='ltr'><strong>obla·</strong></span> 
     </span>
     <span class='ocr_line' id='line_1_5' title="bbox 264 815 1316 900; baseline -0.001 -18"><span class='ocrx_word' id='word_1_24' title='bbox 264 819 393 882; x_wconf 85' lang='lat' dir='ltr'><strong>tionem</strong></span> <span class='ocrx_word' id='word_1_25' title='bbox 419 816 625 900; x_wconf 80' lang='lat' dir='ltr'><strong>protendere</strong></span> <span class='ocrx_word' id='word_1_26' title='bbox 648 816 797 879; x_wconf 91' lang='lat' dir='ltr'><strong>decreui.</strong></span> <span class='ocrx_word' id='word_1_27' title='bbox 851 815 954 879; x_wconf 82' lang='lat' dir='ltr'>Unde</span> <span class='ocrx_word' id='word_1_28' title='bbox 975 816 1115 879; x_wconf 90' lang='lat' dir='ltr'><strong>nuncin</strong></span> <span class='ocrx_word' id='word_1_29' title='bbox 1139 817 1316 899; x_wconf 80' lang='lat' dir='ltr'><strong>praesenti</strong></span> 
     </span>
     <span class='ocr_line' id='line_1_6' title="bbox 264 915 1315 999; baseline -0.001 -17"><span class='ocrx_word' id='word_1_30' title='bbox 264 919 511 982; x_wconf 88' lang='lat' dir='ltr'><strong>monasterium</strong></span> <span class='ocrx_word' id='word_1_31' title='bbox 537 915 628 998; x_wconf 90' lang='lat' dir='ltr'><strong>quod</strong></span> <span class='ocrx_word' id='word_1_32' title='bbox 658 915 858 998; x_wconf 91' lang='lat' dir='ltr'><strong>praedictus</strong></span> <span class='ocrx_word' id='word_1_33' title='bbox 886 915 1098 980; x_wconf 89' lang='lat' dir='ltr'><strong>reuerendus</strong></span> <span class='ocrx_word' id='word_1_34' title='bbox 1131 917 1315 999; x_wconf 90' lang='lat' dir='ltr'><strong>episcopus</strong></span> 
     </span>
     <span class='ocr_line' id='line_1_7' title="bbox 265 1015 1316 1098; baseline 0 -17"><span class='ocrx_word' id='word_1_35' title='bbox 265 1017 451 1082; x_wconf 87' lang='lat' dir='ltr'><strong>Oswaldus</strong></span> <span class='ocrx_word' id='word_1_36' title='bbox 472 1018 509 1081; x_wconf 93' lang='lat' dir='ltr'><strong>in</strong></span> <span class='ocrx_word' id='word_1_37' title='bbox 531 1016 612 1080; x_wconf 89' lang='lat' dir='ltr'><strong>sede</strong></span> <span class='ocrx_word' id='word_1_38' title='bbox 628 1015 819 1098; x_wconf 88' lang='lat' dir='ltr'><strong>episcopali</strong></span> <span class='ocrx_word' id='word_1_39' title='bbox 835 1015 1118 1081; x_wconf 89' lang='lat' dir='ltr'><strong>Weorceceastre</strong></span> <span class='ocrx_word' id='word_1_40' title='bbox 1133 1017 1170 1079; x_wconf 93' lang='lat' dir='ltr'><strong>in</strong></span> <span class='ocrx_word' id='word_1_41' title='bbox 1186 1016 1316 1081; x_wconf 87' lang='lat' dir='ltr'><strong>honore</strong></span> 
     </span>
     <span class='ocr_line' id='line_1_8' title="bbox 263 1116 1316 1206; baseline -0.001 -24"><span class='ocrx_word' id='word_1_42' title='bbox 263 1125 407 1206; x_wconf 87' lang='lat' dir='ltr'><strong>sanctae</strong></span> <span class='ocrx_word' id='word_1_43' title='bbox 421 1118 477 1181; x_wconf 90' lang='lat' dir='ltr'><strong>dei</strong></span> <span class='ocrx_word' id='word_1_44' title='bbox 492 1117 669 1198; x_wconf 87' lang='lat' dir='ltr'><strong>genitricis</strong></span> <span class='ocrx_word' id='word_1_45' title='bbox 684 1116 831 1193; x_wconf 90' lang='lat' dir='ltr'><strong>Mariae,</strong></span> <span class='ocrx_word' id='word_1_46' title='bbox 843 1116 1082 1198; x_wconf 88' lang='lat' dir='ltr'><strong>amplificauit,</strong></span> <span class='ocrx_word' id='word_1_47' title='bbox 1097 1124 1143 1193; x_wconf 92' lang='lat' dir='ltr'><strong>et,</strong></span> <span class='ocrx_word' id='word_1_48' title='bbox 1157 1117 1316 1181; x_wconf 90' lang='lat' dir='ltr'><strong>elimina-</strong></span> 
     </span>
     <span class='ocr_line' id='line_1_9' title="bbox 263 1215 1315 1298; baseline 0 -16"><span class='ocrx_word' id='word_1_49' title='bbox 263 1220 308 1282; x_wconf 90' lang='lat' dir='ltr'><strong>tis</strong></span> <span class='ocrx_word' id='word_1_50' title='bbox 322 1217 524 1282; x_wconf 89' lang='lat' dir='ltr'><strong>clericorum</strong></span> <span class='ocrx_word' id='word_1_51' title='bbox 541 1216 673 1280; x_wconf 87' lang='lat' dir='ltr'><strong>naeniis</strong></span> <span class='ocrx_word' id='word_1_52' title='bbox 691 1222 726 1280; x_wconf 91' lang='lat' dir='ltr'><strong>et</strong></span> <span class='ocrx_word' id='word_1_53' title='bbox 741 1216 883 1298; x_wconf 83' lang='lat' dir='ltr'><strong>spurcis¹</strong></span> <span class='ocrx_word' id='word_1_54' title='bbox 892 1216 1058 1294; x_wconf 90' lang='lat' dir='ltr'><strong>lasciuiis,</strong></span> <span class='ocrx_word' id='word_1_55' title='bbox 1071 1215 1246 1297; x_wconf 82' lang='lat' dir='ltr'><strong>religiosis</strong></span> <span class='ocrx_word' id='word_1_56' title='bbox 1260 1217 1315 1282; x_wconf 91' lang='lat' dir='ltr'><strong>dei</strong></span> 
     </span>
     <span class='ocr_line' id='line_1_10' title="bbox 264 1313 1317 1395; baseline 0 -14"><span class='ocrx_word' id='word_1_57' title='bbox 264 1318 373 1382; x_wconf 90' lang='lat' dir='ltr'><strong>seruis</strong></span> <span class='ocrx_word' id='word_1_58' title='bbox 400 1317 588 1393; x_wconf 89' lang='lat' dir='ltr'><strong>monachis,</strong></span> <span class='ocrx_word' id='word_1_59' title='bbox 606 1335 683 1380; x_wconf 92' lang='lat' dir='ltr'><strong>meo</strong></span> <span class='ocrx_word' id='word_1_60' title='bbox 701 1313 871 1380; x_wconf 85' lang='lat' dir='ltr'><strong>consensu</strong></span> <span class='ocrx_word' id='word_1_61' title='bbox 887 1324 923 1380; x_wconf 92' lang='lat' dir='ltr'><strong>et</strong></span> <span class='ocrx_word' id='word_1_62' title='bbox 938 1316 1058 1380; x_wconf 88' lang='lat' dir='ltr'><strong>fauore</strong></span> <span class='ocrx_word' id='word_1_63' title='bbox 1074 1316 1250 1395; x_wconf 86' lang='lat' dir='ltr'><strong>suffultus,</strong></span> <span class='ocrx_word' id='word_1_64' title='bbox 1266 1317 1317 1381; x_wconf 89' lang='lat' dir='ltr'><strong>lo·</strong></span> 
     </span>
    </p>
   </div>
   <div class='ocr_carea' id='block_1_3' title="bbox 153 1416 1315 1500">
    <p class='ocr_par' dir='ltr' id='par_1_3' title="bbox 153 1416 1315 1500">
     <span class='ocr_line' id='line_1_11' title="bbox 153 1416 1315 1500; baseline 0.001 -19"><span class='ocrx_word' id='word_1_65' title='bbox 153 1431 165 1453; x_wconf 58' lang='lat'><em>³</em></span> <span class='ocrx_word' id='word_1_66' title='bbox 264 1419 377 1491; x_wconf 86' lang='lat' dir='ltr'><strong>cauit;</strong></span> <span class='ocrx_word' id='word_1_67' title='bbox 397 1438 463 1498; x_wconf 89' lang='lat' dir='ltr'><strong>ego</strong></span> <span class='ocrx_word' id='word_1_68' title='bbox 478 1418 564 1500; x_wconf 88' lang='lat' dir='ltr'><strong>ipsis</strong></span> <span class='ocrx_word' id='word_1_69' title='bbox 581 1417 795 1481; x_wconf 81' lang='lat' dir='ltr'><strong>monasticae</strong></span> <span class='ocrx_word' id='word_1_70' title='bbox 810 1416 987 1498; x_wconf 89' lang='lat' dir='ltr'><strong>religionis</strong></span> <span class='ocrx_word' id='word_1_71' title='bbox 1005 1417 1090 1480; x_wconf 90' lang='lat' dir='ltr'><strong>uiris</strong></span> <span class='ocrx_word' id='word_1_72' title='bbox 1106 1419 1217 1499; x_wconf 89' lang='lat' dir='ltr'><strong>regali</strong></span> <span class='ocrx_word' id='word_1_73' title='bbox 1234 1437 1315 1482; x_wconf 91' lang='lat' dir='ltr'><strong>auc-</strong></span> 
     </span>
    </p>
   </div>
   <div class='ocr_carea' id='block_1_4' title="bbox 263 1516 1318 3104">
    <p class='ocr_par' dir='ltr' id='par_1_4' title="bbox 263 1516 1318 3104">
     <span class='ocr_line' id='line_1_12' title="bbox 265 1516 1314 1601; baseline 0 -20"><span class='ocrx_word' id='word_1_74' title='bbox 265 1519 406 1581; x_wconf 90' lang='lat' dir='ltr'><strong>toritate</strong></span> <span class='ocrx_word' id='word_1_75' title='bbox 420 1516 596 1592; x_wconf 91' lang='lat' dir='ltr'><strong>confirmo,</strong></span> <span class='ocrx_word' id='word_1_76' title='bbox 609 1523 645 1580; x_wconf 87' lang='lat' dir='ltr'><strong>et</strong></span> <span class='ocrx_word' id='word_1_77' title='bbox 655 1516 800 1581; x_wconf 90' lang='lat' dir='ltr'><strong>consilio</strong></span> <span class='ocrx_word' id='word_1_78' title='bbox 812 1523 847 1580; x_wconf 91' lang='lat' dir='ltr'><strong>et</strong></span> <span class='ocrx_word' id='word_1_79' title='bbox 858 1517 1107 1599; x_wconf 84' lang='lat' dir='ltr'><strong>astipulatione</strong></span> <span class='ocrx_word' id='word_1_80' title='bbox 1118 1518 1314 1601; x_wconf 86' lang='lat' dir='ltr'><strong>principum</strong></span> 
     </span>
     <span class='ocr_line' id='line_1_13' title="bbox 263 1617 1315 1701; baseline 0.001 -20"><span class='ocrx_word' id='word_1_81' title='bbox 263 1625 299 1681; x_wconf 88' lang='lat' dir='ltr'><strong>et</strong></span> <span class='ocrx_word' id='word_1_82' title='bbox 321 1617 528 1699; x_wconf 87' lang='lat' dir='ltr'><strong>optimatum</strong></span> <span class='ocrx_word' id='word_1_83' title='bbox 551 1636 705 1680; x_wconf 87' lang='lat' dir='ltr'><strong>meorum</strong></span> <span class='ocrx_word' id='word_1_84' title='bbox 733 1619 919 1682; x_wconf 92' lang='lat' dir='ltr'><strong>corroboro</strong></span> <span class='ocrx_word' id='word_1_85' title='bbox 939 1626 975 1681; x_wconf 91' lang='lat' dir='ltr'><strong>et</strong></span> <span class='ocrx_word' id='word_1_86' title='bbox 1001 1619 1178 1701; x_wconf 87' lang='lat' dir='ltr'><strong>consigno,</strong></span> <span class='ocrx_word' id='word_1_87' title='bbox 1200 1619 1253 1682; x_wconf 93' lang='lat' dir='ltr'><strong>ita</strong></span> <span class='ocrx_word' id='word_1_88' title='bbox 1274 1625 1315 1682; x_wconf 91' lang='lat' dir='ltr'><strong>ut</strong></span> 
     </span>
     <span class='ocr_line' id='line_1_14' title="bbox 263 1716 1315 1800; baseline 0.001 -20"><span class='ocrx_word' id='word_1_89' title='bbox 263 1717 332 1781; x_wconf 90' lang='lat' dir='ltr'><strong>iam</strong></span> <span class='ocrx_word' id='word_1_90' title='bbox 350 1716 499 1799; x_wconf 88' lang='lat' dir='ltr'><strong>amplius</strong></span> <span class='ocrx_word' id='word_1_91' title='bbox 516 1737 584 1780; x_wconf 94' lang='lat' dir='ltr'><strong>non</strong></span> <span class='ocrx_word' id='word_1_92' title='bbox 608 1717 655 1780; x_wconf 90' lang='lat' dir='ltr'><strong>sit</strong></span> <span class='ocrx_word' id='word_1_93' title='bbox 671 1716 725 1780; x_wconf 89' lang='lat' dir='ltr'><strong>fas</strong></span> <span class='ocrx_word' id='word_1_94' title='bbox 743 1737 854 1800; x_wconf 89' lang='lat' dir='ltr'><strong>neque</strong></span> <span class='ocrx_word' id='word_1_95' title='bbox 871 1718 926 1780; x_wconf 87' lang='lat' dir='ltr'><strong>ius</strong></span> <span class='ocrx_word' id='word_1_96' title='bbox 948 1717 1082 1782; x_wconf 88' lang='lat' dir='ltr'><strong>clericis</strong></span> <span class='ocrx_word' id='word_1_97' title='bbox 1103 1717 1315 1783; x_wconf 84' lang='lat' dir='ltr'><strong>reclamandi</strong></span> 
     </span>
     <span class='ocr_line' id='line_1_15' title="bbox 264 1817 1317 1900; baseline -0.001 -18"><span class='ocrx_word' id='word_1_98' title='bbox 264 1819 447 1900; x_wconf 87' lang='lat' dir='ltr'><strong>quicquam</strong></span> <span class='ocrx_word' id='word_1_99' title='bbox 462 1817 561 1891; x_wconf 87' lang='lat' dir='ltr'><strong>inde;</strong></span> <span class='ocrx_word' id='word_1_100' title='bbox 587 1817 715 1899; x_wconf 89' lang='lat' dir='ltr'><strong>quippo</strong></span> <span class='ocrx_word' id='word_1_101' title='bbox 737 1817 797 1899; x_wconf 91' lang='lat' dir='ltr'><strong>qui</strong></span> <span class='ocrx_word' id='word_1_102' title='bbox 820 1818 932 1899; x_wconf 86' lang='lat' dir='ltr'><strong>magis</strong></span> <span class='ocrx_word' id='word_1_103' title='bbox 958 1818 1148 1899; x_wconf 89' lang='lat' dir='ltr'><strong>elegerunt,</strong></span> <span class='ocrx_word' id='word_1_104' title='bbox 1164 1838 1243 1882; x_wconf 89' lang='lat' dir='ltr'><strong>curn</strong></span> <span class='ocrx_word' id='word_1_105' title='bbox 1260 1819 1317 1883; x_wconf 82' lang='lat' dir='ltr'><strong>sui</strong></span> 
     </span>
     <span class='ocr_line' id='line_1_16' title="bbox 264 1915 1316 2001; baseline 0.002 -20"><span class='ocrx_word' id='word_1_106' title='bbox 264 1918 393 1981; x_wconf 87' lang='lat' dir='ltr'><strong>ordinis</strong></span> <span class='ocrx_word' id='word_1_107' title='bbox 419 1918 572 2000; x_wconf 90' lang='lat' dir='ltr'><strong>periculo</strong></span> <span class='ocrx_word' id='word_1_108' title='bbox 598 1924 634 1980; x_wconf 86' lang='lat' dir='ltr'><strong>et</strong></span> <span class='ocrx_word' id='word_1_109' title='bbox 662 1915 910 1982; x_wconf 86' lang='lat' dir='ltr'><strong>aecclesiastici</strong></span> <span class='ocrx_word' id='word_1_110' title='bbox 936 1917 1094 1982; x_wconf 91' lang='lat' dir='ltr'><strong>beneficii</strong></span> <span class='ocrx_word' id='word_1_111' title='bbox 1123 1918 1316 2001; x_wconf 85' lang='lat' dir='ltr'><strong>dispendio,</strong></span> 
     </span>
     <span class='ocr_line' id='line_1_17' title="bbox 264 2012 1316 2100; baseline 0.003 -19"><span class='ocrx_word' id='word_1_112' title='bbox 264 2019 336 2082; x_wconf 89' lang='lat' dir='ltr'><strong>suis</strong></span> <span class='ocrx_word' id='word_1_113' title='bbox 361 2018 530 2082; x_wconf 85' lang='lat' dir='ltr'><strong>uxoribus</strong></span> <span class='ocrx_word' id='word_1_114' title='bbox 554 2017 740 2082; x_wconf 86' lang='lat' dir='ltr'><strong>adhaerere</strong></span> <span class='ocrx_word' id='word_1_115' title='bbox 764 2037 870 2100; x_wconf 88' lang='lat' dir='ltr'><strong>quam</strong></span> <span class='ocrx_word' id='word_1_116' title='bbox 892 2018 957 2081; x_wconf 88' lang='lat' dir='ltr'><strong>deo</strong></span> <span class='ocrx_word' id='word_1_117' title='bbox 977 2025 1074 2082; x_wconf 89' lang='lat' dir='ltr'><strong>caste</strong></span> <span class='ocrx_word' id='word_1_118' title='bbox 1099 2025 1135 2082; x_wconf 90' lang='lat' dir='ltr'><strong>et</strong></span> <span class='ocrx_word' id='word_1_119' title='bbox 1150 2012 1316 2084; x_wconf 83' lang='lat' dir='ltr'><strong>canonico</strong></span> 
     </span>
     <span class='ocr_line' id='line_1_18' title="bbox 265 2115 1316 2202; baseline 0.003 -21"><span class='ocrx_word' id='word_1_120' title='bbox 265 2118 407 2183; x_wconf 87' lang='lat' dir='ltr'><strong>seruire.</strong></span> <span class='ocrx_word' id='word_1_121' title='bbox 460 2119 507 2181; x_wconf 90' lang='lat' dir='ltr'><strong>Et</strong></span> <span class='ocrx_word' id='word_1_122' title='bbox 519 2117 598 2182; x_wconf 85' lang='lat' dir='ltr'><strong>ideo</strong></span> <span class='ocrx_word' id='word_1_123' title='bbox 615 2125 742 2182; x_wconf 89' lang='lat' dir='ltr'><strong>cuncta</strong></span> <span class='ocrx_word' id='word_1_124' title='bbox 764 2115 855 2200; x_wconf 82' lang='lat' dir='ltr'><strong>quae</strong></span> <span class='ocrx_word' id='word_1_125' title='bbox 870 2117 922 2181; x_wconf 93' lang='lat' dir='ltr'><strong>illi</strong></span> <span class='ocrx_word' id='word_1_126' title='bbox 945 2119 989 2181; x_wconf 93' lang='lat' dir='ltr'><strong>de</strong></span> <span class='ocrx_word' id='word_1_127' title='bbox 1006 2117 1176 2183; x_wconf 86' lang='lat' dir='ltr'><strong>aecclesia</strong></span> <span class='ocrx_word' id='word_1_128' title='bbox 1195 2138 1316 2202; x_wconf 85' lang='lat' dir='ltr'><strong>possc-</strong></span> 
     </span>
     <span class='ocr_line' id='line_1_19' title="bbox 264 2214 1317 2302; baseline 0.002 -20"><span class='ocrx_word' id='word_1_129' title='bbox 264 2220 387 2283; x_wconf 88' lang='lat' dir='ltr'><strong>derant</strong></span> <span class='ocrx_word' id='word_1_130' title='bbox 402 2238 480 2282; x_wconf 89' lang='lat' dir='ltr'><strong>cum</strong></span> <span class='ocrx_word' id='word_1_131' title='bbox 498 2219 575 2302; x_wconf 89' lang='lat' dir='ltr'><strong>ipsa</strong></span> <span class='ocrx_word' id='word_1_132' title='bbox 589 2218 769 2295; x_wconf 89' lang='lat' dir='ltr'><strong>aecclesia,</strong></span> <span class='ocrx_word' id='word_1_133' title='bbox 781 2219 857 2282; x_wconf 88' lang='lat' dir='ltr'><strong>siue</strong></span> <span class='ocrx_word' id='word_1_134' title='bbox 873 2217 1132 2283; x_wconf 87' lang='lat' dir='ltr'><strong>aecclesiastica</strong></span> <span class='ocrx_word' id='word_1_135' title='bbox 1148 2219 1223 2283; x_wconf 90' lang='lat' dir='ltr'><strong>siue</strong></span> <span class='ocrx_word' id='word_1_136' title='bbox 1239 2214 1317 2284; x_wconf 68' lang='lat' dir='ltr'><strong>Sae-</strong></span> 
     </span>
     <span class='ocr_line' id='line_1_20' title="bbox 264 2313 1317 2402; baseline 0.002 -20"><span class='ocrx_word' id='word_1_137' title='bbox 264 2319 407 2396; x_wconf 86' lang='lat' dir='ltr'><strong>cularia,</strong></span> <span class='ocrx_word' id='word_1_138' title='bbox 428 2327 500 2383; x_wconf 87' lang='lat' dir='ltr'><strong>tam</strong></span> <span class='ocrx_word' id='word_1_139' title='bbox 522 2318 664 2382; x_wconf 91' lang='lat' dir='ltr'><strong>mobilia</strong></span> <span class='ocrx_word' id='word_1_140' title='bbox 678 2337 782 2400; x_wconf 90' lang='lat' dir='ltr'><strong>quam</strong></span> <span class='ocrx_word' id='word_1_141' title='bbox 804 2318 993 2383; x_wconf 89' lang='lat' dir='ltr'><strong>immobilia</strong></span> <span class='ocrx_word' id='word_1_142' title='bbox 1013 2319 1099 2402; x_wconf 87' lang='lat' dir='ltr'><strong>ipsis</strong></span> <span class='ocrx_word' id='word_1_143' title='bbox 1126 2319 1182 2383; x_wconf 91' lang='lat' dir='ltr'><strong>dei</strong></span> <span class='ocrx_word' id='word_1_144' title='bbox 1205 2313 1317 2384; x_wconf 84' lang='lat' dir='ltr'><strong>seruis</strong></span> 
     </span>
     <span class='ocr_line' id='line_1_21' title="bbox 264 2414 1318 2501; baseline 0.002 -19"><span class='ocrx_word' id='word_1_145' title='bbox 264 2418 441 2484; x_wconf 88' lang='lat' dir='ltr'><strong>monachis</strong></span> <span class='ocrx_word' id='word_1_146' title='bbox 468 2421 512 2481; x_wconf 88' lang='lat' dir='ltr'><strong>ab</strong></span> <span class='ocrx_word' id='word_1_147' title='bbox 539 2418 603 2482; x_wconf 86' lang='lat' dir='ltr'><strong>hac</strong></span> <span class='ocrx_word' id='word_1_148' title='bbox 630 2416 685 2482; x_wconf 92' lang='lat' dir='ltr'><strong>die</strong></span> <span class='ocrx_word' id='word_1_149' title='bbox 711 2417 959 2501; x_wconf 89' lang='lat' dir='ltr'><strong>perpetualiter</strong></span> <span class='ocrx_word' id='word_1_150' title='bbox 979 2419 1096 2500; x_wconf 81' lang='lat' dir='ltr'><strong>regiae</strong></span> <span class='ocrx_word' id='word_1_151' title='bbox 1118 2414 1318 2484; x_wconf 86' lang='lat' dir='ltr'><strong>munificen-</strong></span> 
     </span>
     <span class='ocr_line' id='line_1_22' title="bbox 264 2517 1316 2602; baseline 0.002 -19"><span class='ocrx_word' id='word_1_152' title='bbox 264 2521 367 2602; x_wconf 88' lang='lat' dir='ltr'><strong>[tiae]</strong></span> <span class='ocrx_word' id='word_1_153' title='bbox 384 2520 458 2583; x_wconf 91' lang='lat' dir='ltr'><strong>iure</strong></span> <span class='ocrx_word' id='word_1_154' title='bbox 473 2519 635 2601; x_wconf 91' lang='lat' dir='ltr'><strong>deinceps</strong></span> <span class='ocrx_word' id='word_1_155' title='bbox 655 2517 863 2601; x_wconf 85' lang='lat' dir='ltr'><strong>possidenda</strong></span> <span class='ocrx_word' id='word_1_156' title='bbox 886 2518 986 2583; x_wconf 88' lang='lat' dir='ltr'><strong>trado</strong></span> <span class='ocrx_word' id='word_1_157' title='bbox 1005 2527 1040 2583; x_wconf 95' lang='lat' dir='ltr'><strong>et</strong></span> <span class='ocrx_word' id='word_1_158' title='bbox 1059 2520 1238 2602; x_wconf 89' lang='lat' dir='ltr'><strong>consigno,</strong></span> <span class='ocrx_word' id='word_1_159' title='bbox 1266 2521 1316 2585; x_wconf 84' lang='lat' dir='ltr'><strong>ita</strong></span> 
     </span>
     <span class='ocr_line' id='line_1_23' title="bbox 265 2618 1316 2703; baseline 0.004 -22"><span class='ocrx_word' id='word_1_160' title='bbox 265 2619 410 2684; x_wconf 91' lang='lat' dir='ltr'><strong>firmiter</strong></span> <span class='ocrx_word' id='word_1_161' title='bbox 420 2627 459 2683; x_wconf 93' lang='lat' dir='ltr'><strong>ut</strong></span> <span class='ocrx_word' id='word_1_162' title='bbox 470 2618 557 2682; x_wconf 90' lang='lat' dir='ltr'><strong>nulli</strong></span> <span class='ocrx_word' id='word_1_163' title='bbox 569 2619 775 2701; x_wconf 91' lang='lat' dir='ltr'><strong>principum,</strong></span> <span class='ocrx_word' id='word_1_164' title='bbox 787 2639 851 2682; x_wconf 89' lang='lat' dir='ltr'><strong>nec</strong></span> <span class='ocrx_word' id='word_1_165' title='bbox 863 2619 968 2683; x_wconf 88' lang='lat' dir='ltr'><strong>etiam</strong></span> <span class='ocrx_word' id='word_1_166' title='bbox 983 2618 1046 2683; x_wconf 91' lang='lat' dir='ltr'><strong>ulli</strong></span> <span class='ocrx_word' id='word_1_167' title='bbox 1059 2619 1224 2703; x_wconf 91' lang='lat' dir='ltr'><strong>episcopo</strong></span> <span class='ocrx_word' id='word_1_168' title='bbox 1240 2639 1316 2686; x_wconf 89' lang='lat' dir='ltr'><strong>suc·</strong></span> 
     </span>
     <span class='ocr_line' id='line_1_24' title="bbox 264 2718 1315 2802; baseline 0.002 -18"><span class='ocrx_word' id='word_1_169' title='bbox 264 2719 400 2784; x_wconf 87' lang='lat' dir='ltr'><strong>cedenti</strong></span> <span class='ocrx_word' id='word_1_170' title='bbox 417 2719 471 2783; x_wconf 85' lang='lat' dir='ltr'><strong>fas</strong></span> <span class='ocrx_word' id='word_1_171' title='bbox 488 2718 534 2783; x_wconf 91' lang='lat' dir='ltr'><strong>sit</strong></span> <span class='ocrx_word' id='word_1_172' title='bbox 552 2726 614 2782; x_wconf 88' lang='lat' dir='ltr'><strong>aut</strong></span> <span class='ocrx_word' id='word_1_173' title='bbox 632 2718 765 2783; x_wconf 90' lang='lat' dir='ltr'><strong>licitum</strong></span> <span class='ocrx_word' id='word_1_174' title='bbox 784 2719 948 2801; x_wconf 92' lang='lat' dir='ltr'><strong>quicquid</strong></span> <span class='ocrx_word' id='word_1_175' title='bbox 966 2719 1078 2802; x_wconf 92' lang='lat' dir='ltr'><strong>[inde]</strong></span> <span class='ocrx_word' id='word_1_176' title='bbox 1099 2719 1315 2799; x_wconf 86' lang='lat' dir='ltr'><strong>subtrahere,</strong></span> 
     </span>
     <span class='ocr_line' id='line_1_25' title="bbox 264 2818 1316 2902; baseline 0.003 -19"><span class='ocrx_word' id='word_1_177' title='bbox 264 2828 326 2883; x_wconf 87' lang='lat' dir='ltr'><strong>aut</strong></span> <span class='ocrx_word' id='word_1_178' title='bbox 341 2818 542 2902; x_wconf 87' lang='lat' dir='ltr'><strong>peruadere,</strong></span> <span class='ocrx_word' id='word_1_179' title='bbox 556 2827 617 2883; x_wconf 89' lang='lat' dir='ltr'><strong>aut</strong></span> <span class='ocrx_word' id='word_1_180' title='bbox 630 2821 674 2882; x_wconf 89' lang='lat' dir='ltr'><strong>ab</strong></span> <span class='ocrx_word' id='word_1_181' title='bbox 685 2826 990 2902; x_wconf 89' lang='lat' dir='ltr'><strong>eorumpotestate</strong></span> <span class='ocrx_word' id='word_1_182' title='bbox 1006 2820 1188 2902; x_wconf 87' lang='lat' dir='ltr'><strong>surripere,</strong></span> <span class='ocrx_word' id='word_1_183' title='bbox 1201 2821 1316 2902; x_wconf 85' lang='lat' dir='ltr'><strong>[etin]</strong></span> 
     </span>
     <span class='ocr_line' id='line_1_26' title="bbox 265 2919 1316 3002; baseline 0.004 -20"><span class='ocrx_word' id='word_1_184' title='bbox 265 2920 467 2983; x_wconf 87' lang='lat' dir='ltr'><strong>clericorum</strong></span> <span class='ocrx_word' id='word_1_185' title='bbox 489 2919 543 2982; x_wconf 87' lang='lat' dir='ltr'><strong>ius</strong></span> <span class='ocrx_word' id='word_1_186' title='bbox 565 2920 690 2982; x_wconf 89' lang='lat' dir='ltr'><strong>iterum</strong></span> <span class='ocrx_word' id='word_1_187' title='bbox 713 2919 904 2996; x_wconf 83' lang='lat' dir='ltr'><strong>traducere,</strong></span> <span class='ocrx_word' id='word_1_188' title='bbox 924 2919 1076 3002; x_wconf 88' lang='lat' dir='ltr'><strong>quandiu</strong></span> <span class='ocrx_word' id='word_1_189' title='bbox 1100 2920 1185 2985; x_wconf 90' lang='lat' dir='ltr'><strong>fides</strong></span> <span class='ocrx_word' id='word_1_190' title='bbox 1207 2920 1316 2986; x_wconf 86' lang='lat' dir='ltr'><strong>chris·</strong></span> 
     </span>
     <span class='ocr_line' id='line_1_27' title="bbox 266 3017 1317 3104; baseline 0.002 -20"><span class='ocrx_word' id='word_1_191' title='bbox 266 3021 363 3084; x_wconf 89' lang='lat' dir='ltr'><strong>tiana</strong></span> <span class='ocrx_word' id='word_1_192' title='bbox 378 3017 429 3104; x_wconf 90' lang='lat' dir='ltr'><strong>[in</strong></span> <span class='ocrx_word' id='word_1_193' title='bbox 444 3018 589 3101; x_wconf 86' lang='lat' dir='ltr'><strong>Ang]lia</strong></span> <span class='ocrx_word' id='word_1_194' title='bbox 600 3019 852 3101; x_wconf 88' lang='lat' dir='ltr'><strong>perdurauerit.</strong></span> <span class='ocrx_word' id='word_1_195' title='bbox 880 3019 948 3083; x_wconf 87' lang='lat' dir='ltr'><strong>Sed</strong></span> <span class='ocrx_word' id='word_1_196' title='bbox 962 3023 997 3083; x_wconf 89' lang='lat' dir='ltr'><strong>et</strong></span> <span class='ocrx_word' id='word_1_197' title='bbox 1008 3020 1185 3084; x_wconf 90' lang='lat' dir='ltr'><strong>dimidium</strong></span> <span class='ocrx_word' id='word_1_198' title='bbox 1197 3029 1317 3086; x_wconf 91' lang='lat' dir='ltr'><strong>centu·</strong></span> 
     </span>
    </p>
   </div>
   <div class='ocr_carea' id='block_1_5' title="bbox 265 3117 1317 3606">
    <p class='ocr_par' dir='ltr' id='par_1_5' title="bbox 265 3117 1317 3606">
     <span class='ocr_line' id='line_1_28' title="bbox 266 3117 1315 3206; baseline 0.004 -24"><span class='ocrx_word' id='word_1_199' title='bbox 266 3120 394 3184; x_wconf 89' lang='lat' dir='ltr'><strong>riatum</strong></span> <span class='ocrx_word' id='word_1_200' title='bbox 412 3120 504 3202; x_wconf 92' lang='lat' dir='ltr'><strong>quod</strong></span> <span class='ocrx_word' id='word_1_201' title='bbox 520 3117 669 3201; x_wconf 86' lang='lat' dir='ltr'><strong>Anglico</strong></span> <span class='ocrx_word' id='word_1_202' title='bbox 684 3127 831 3184; x_wconf 90' lang='lat' dir='ltr'><strong>uocatur</strong></span> <span class='ocrx_word' id='word_1_203' title='bbox 848 3117 1186 3203; x_wconf 62' lang='lat' dir='ltr'><strong>Gabbargehffawes</strong></span> <span class='ocrx_word' id='word_1_204' title='bbox 1207 3121 1315 3206; x_wconf 90' lang='lat' dir='ltr'><strong>h]un·</strong></span> 
     </span>
     <span class='ocr_line' id='line_1_29' title="bbox 266 3217 1314 3305; baseline 0.003 -21"><span class='ocrx_word' id='word_1_205' title='bbox 266 3220 362 3296; x_wconf 87' lang='lat' dir='ltr'><strong>dred,</strong></span> <span class='ocrx_word' id='word_1_206' title='bbox 385 3221 429 3285; x_wconf 87' lang='lat' dir='ltr'><strong>ad</strong></span> <span class='ocrx_word' id='word_1_207' title='bbox 450 3219 542 3303; x_wconf 89' lang='lat' dir='ltr'><strong>quod</strong></span> <span class='ocrx_word' id='word_1_208' title='bbox 560 3220 677 3284; x_wconf 86' lang='lat' dir='ltr'><strong>iacent</strong></span> <span class='ocrx_word' id='word_1_209' title='bbox 693 3236 737 3284; x_wconf 68' lang='lat' dir='ltr'><strong>m.</strong></span> <span class='ocrx_word' id='word_1_210' title='bbox 754 3218 857 3283; x_wconf 84' lang='lat' dir='ltr'><strong>hidae</strong></span> <span class='ocrx_word' id='word_1_211' title='bbox 874 3220 910 3283; x_wconf 92' lang='lat' dir='ltr'><strong>in</strong></span> <span class='ocrx_word' id='word_1_212' title='bbox 922 3217 1174 3303; x_wconf 75' lang='lat' dir='ltr'><strong>droppetorne,</strong></span> <span class='ocrx_word' id='word_1_213' title='bbox 1193 3222 1314 3305; x_wconf 83' lang='lat' dir='ltr'><strong>[quas]</strong></span> 
     </span>
     <span class='ocr_line' id='line_1_30' title="bbox 265 3320 1317 3402; baseline 0.002 -17"><span class='ocrx_word' id='word_1_214' title='bbox 265 3321 344 3385; x_wconf 88' lang='lat' dir='ltr'><strong>Offa</strong></span> <span class='ocrx_word' id='word_1_215' title='bbox 359 3342 421 3386; x_wconf 83' lang='lat' dir='ltr'><strong>rex</strong></span> <span class='ocrx_word' id='word_1_216' title='bbox 432 3321 640 3385; x_wconf 90' lang='lat' dir='ltr'><strong>Merciorum</strong></span> <span class='ocrx_word' id='word_1_217' title='bbox 657 3320 830 3402; x_wconf 89' lang='lat' dir='ltr'><strong>quondam</strong></span> <span class='ocrx_word' id='word_1_218' title='bbox 840 3320 992 3385; x_wconf 87' lang='lat' dir='ltr'><strong>familiae</strong></span> <span class='ocrx_word' id='word_1_219' title='bbox 1005 3320 1042 3384; x_wconf 94' lang='lat' dir='ltr'><strong>in</strong></span> <span class='ocrx_word' id='word_1_220' title='bbox 1050 3320 1317 3402; x_wconf 84' lang='lat' dir='ltr'><strong>Weogereceas·</strong></span> 
     </span>
     <span class='ocr_line' id='line_1_31' title="bbox 265 3416 1316 3507; baseline 0.001 -22"><span class='ocrx_word' id='word_1_221' title='bbox 265 3429 318 3487; x_wconf 90' lang='lat' dir='ltr'><strong>tre</strong></span> <span class='ocrx_word' id='word_1_222' title='bbox 333 3421 490 3498; x_wconf 90' lang='lat' dir='ltr'><strong>donauit,</strong></span> <span class='ocrx_word' id='word_1_223' title='bbox 505 3421 632 3485; x_wconf 90' lang='lat' dir='ltr'><strong>liberas</strong></span> <span class='ocrx_word' id='word_1_224' title='bbox 650 3420 695 3483; x_wconf 89' lang='lat' dir='ltr'><strong>ab</strong></span> <span class='ocrx_word' id='word_1_225' title='bbox 709 3416 820 3504; x_wconf 91' lang='lat' dir='ltr'><strong>om[ni</strong></span> <span class='ocrx_word' id='word_1_226' title='bbox 834 3419 962 3507; x_wconf 88' lang='lat' dir='ltr'><strong>re]gali</strong></span> <span class='ocrx_word' id='word_1_227' title='bbox 977 3422 1171 3498; x_wconf 87' lang='lat' dir='ltr'><strong>exactione,</strong></span> <span class='ocrx_word' id='word_1_228' title='bbox 1182 3441 1251 3504; x_wconf 86' lang='lat' dir='ltr'><strong>ego</strong></span> <span class='ocrx_word' id='word_1_229' title='bbox 1267 3423 1316 3507; x_wconf 93' lang='lat' dir='ltr'><strong>ip-</strong></span> 
     </span>
     <span class='ocr_line' id='line_1_32' title="bbox 266 3518 1314 3606; baseline 0.001 -21"><span class='ocrx_word' id='word_1_230' title='bbox 266 3522 315 3586; x_wconf 85' lang='lat' dir='ltr'><strong>sis</strong></span> <span class='ocrx_word' id='word_1_231' title='bbox 330 3522 385 3586; x_wconf 94' lang='lat' dir='ltr'><strong>dei</strong></span> <span class='ocrx_word' id='word_1_232' title='bbox 401 3520 512 3586; x_wconf 90' lang='lat' dir='ltr'><strong>seruis</strong></span> <span class='ocrx_word' id='word_1_233' title='bbox 523 3540 601 3585; x_wconf 91' lang='lat' dir='ltr'><strong>cum</strong></span> <span class='ocrx_word' id='word_1_234' title='bbox 613 3520 732 3584; x_wconf 88' lang='lat' dir='ltr'><strong>eadem</strong></span> <span class='ocrx_word' id='word_1_235' title='bbox 749 3521 910 3585; x_wconf 85' lang='lat' dir='ltr'><strong>libertato</strong></span> <span class='ocrx_word' id='word_1_236' title='bbox 927 3521 1043 3604; x_wconf 92' lang='lat' dir='ltr'><strong>[trado</strong></span> <span class='ocrx_word' id='word_1_237' title='bbox 1060 3528 1096 3586; x_wconf 87' lang='lat' dir='ltr'><strong>et</strong></span> <span class='ocrx_word' id='word_1_238' title='bbox 1106 3518 1314 3606; x_wconf 81' lang='lat' dir='ltr'><strong>con]scribo.</strong></span> 
     </span>
    </p>
   </div>
   <div class='ocr_carea' id='block_1_6' title="bbox 264 3620 1318 4206">
    <p class='ocr_par' dir='ltr' id='par_1_6' title="bbox 264 3620 1318 4206">
     <span class='ocr_line' id='line_1_33' title="bbox 266 3620 1316 3705; baseline 0.003 -20"><span class='ocrx_word' id='word_1_239' title='bbox 266 3622 415 3705; x_wconf 92' lang='lat' dir='ltr'><strong>Insuper</strong></span> <span class='ocrx_word' id='word_1_240' title='bbox 431 3623 536 3686; x_wconf 86' lang='lat' dir='ltr'><strong>etiam</strong></span> <span class='ocrx_word' id='word_1_241' title='bbox 558 3621 603 3685; x_wconf 89' lang='lat' dir='ltr'><strong>ad</strong></span> <span class='ocrx_word' id='word_1_242' title='bbox 625 3620 854 3703; x_wconf 90' lang='lat' dir='ltr'><strong>supplendum</strong></span> <span class='ocrx_word' id='word_1_243' title='bbox 881 3621 995 3704; x_wconf 91' lang='lat' dir='ltr'><strong>ipsum</strong></span> <span class='ocrx_word' id='word_1_244' title='bbox 1018 3622 1264 3702; x_wconf 89' lang='lat' dir='ltr'><strong>centuriatum,</strong></span> <span class='ocrx_word' id='word_1_245' title='bbox 1280 3622 1316 3688; x_wconf 91' lang='lat' dir='ltr'><strong>id</strong></span> 
     </span>
     <span class='ocr_line' id='line_1_34' title="bbox 266 3721 1316 3805; baseline 0.002 -19"><span class='ocrx_word' id='word_1_246' title='bbox 266 3730 318 3786; x_wconf 91' lang='lat' dir='ltr'><strong>est</strong></span> <span class='ocrx_word' id='word_1_247' title='bbox 334 3722 502 3799; x_wconf 88' lang='lat' dir='ltr'><strong>hundred,</strong></span> <span class='ocrx_word' id='word_1_248' title='bbox 520 3728 560 3785; x_wconf 92' lang='lat' dir='ltr'><strong>ut</strong></span> <span class='ocrx_word' id='word_1_249' title='bbox 575 3741 621 3785; x_wconf 87' lang='lat' dir='ltr'><strong>ex</strong></span> <span class='ocrx_word' id='word_1_250' title='bbox 638 3722 748 3804; x_wconf 90' lang='lat' dir='ltr'><strong>[m]eo</strong></span> <span class='ocrx_word' id='word_1_251' title='bbox 771 3721 862 3786; x_wconf 94' lang='lat' dir='ltr'><strong>dono</strong></span> <span class='ocrx_word' id='word_1_252' title='bbox 878 3721 964 3785; x_wconf 92' lang='lat' dir='ltr'><strong>illud</strong></span> <span class='ocrx_word' id='word_1_253' title='bbox 979 3721 1130 3805; x_wconf 76' lang='lat' dir='ltr'><strong>&#39;plenum</strong></span> <span class='ocrx_word' id='word_1_254' title='bbox 1154 3722 1316 3803; x_wconf 83' lang='lat' dir='ltr'><strong>habeant,</strong></span> 
     </span>
     <span class='ocr_line' id='line_1_35' title="bbox 265 3820 1316 3905; baseline 0.002 -18"><span class='ocrx_word' id='word_1_255' title='bbox 265 3830 376 3887; x_wconf 87' lang='lat' dir='ltr'><strong>terras</strong></span> <span class='ocrx_word' id='word_1_256' title='bbox 393 3824 501 3905; x_wconf 92' lang='lat' dir='ltr'><strong>ipsius</strong></span> <span class='ocrx_word' id='word_1_257' title='bbox 517 3822 705 3886; x_wconf 88' lang='lat' dir='ltr'><strong>aecclesiae</strong></span> <span class='ocrx_word' id='word_1_258' title='bbox 721 3840 811 3903; x_wconf 87' lang='lat' dir='ltr'><strong>quae</strong></span> <span class='ocrx_word' id='word_1_259' title='bbox 827 3820 995 3887; x_wconf 89' lang='lat' dir='ltr'><strong>hactenus</strong></span> <span class='ocrx_word' id='word_1_260' title='bbox 1009 3822 1126 3904; x_wconf 86' lang='lat' dir='ltr'><strong>regiae</strong></span> <span class='ocrx_word' id='word_1_261' title='bbox 1140 3824 1316 3889; x_wconf 86' lang='lat' dir='ltr'><strong>exactioni</strong></span> 
     </span>
     <span class='ocr_line' id='line_1_36' title="bbox 265 3921 1316 4005; baseline 0.002 -18"><span class='ocrx_word' id='word_1_262' title='bbox 265 3924 503 4000; x_wconf 87' lang='lat' dir='ltr'><strong>subiacebant,</strong></span> <span class='ocrx_word' id='word_1_263' title='bbox 521 3923 566 3987; x_wconf 92' lang='lat' dir='ltr'><strong>ab</strong></span> <span class='ocrx_word' id='word_1_264' title='bbox 581 3921 647 3987; x_wconf 88' lang='lat' dir='ltr'><strong>hac</strong></span> <span class='ocrx_word' id='word_1_265' title='bbox 661 3921 717 3986; x_wconf 90' lang='lat' dir='ltr'><strong>die</strong></span> <span class='ocrx_word' id='word_1_266' title='bbox 739 3923 775 3985; x_wconf 94' lang='lat' dir='ltr'><strong>in</strong></span> <span class='ocrx_word' id='word_1_267' title='bbox 790 3929 994 4005; x_wconf 86' lang='lat' dir='ltr'><strong>perpetuum</strong></span> <span class='ocrx_word' id='word_1_268' title='bbox 1012 3922 1167 3987; x_wconf 88' lang='lat' dir='ltr'><strong>liberabo</strong></span> <span class='ocrx_word' id='word_1_269' title='bbox 1183 3930 1219 3987; x_wconf 91' lang='lat' dir='ltr'><strong>et</strong></span> <span class='ocrx_word' id='word_1_270' title='bbox 1231 3922 1316 3989; x_wconf 86' lang='lat' dir='ltr'><strong>libe·</strong></span> 
     </span>
     <span class='ocr_line' id='line_1_37' title="bbox 266 4022 1318 4106; baseline 0.004 -21"><span class='ocrx_word' id='word_1_271' title='bbox 266 4043 324 4087; x_wconf 87' lang='lat' dir='ltr'><strong>ras</strong></span> <span class='ocrx_word' id='word_1_272' title='bbox 344 4042 419 4087; x_wconf 89' lang='lat' dir='ltr'><strong>esse</strong></span> <span class='ocrx_word' id='word_1_273' title='bbox 437 4022 589 4089; x_wconf 89' lang='lat' dir='ltr'><strong>concedo</strong></span> <span class='ocrx_word' id='word_1_274' title='bbox 607 4030 643 4088; x_wconf 91' lang='lat' dir='ltr'><strong>et</strong></span> <span class='ocrx_word' id='word_1_275' title='bbox 656 4022 852 4105; x_wconf 90' lang='lat' dir='ltr'><strong>praecipio;</strong></span> <span class='ocrx_word' id='word_1_276' title='bbox 878 4041 938 4086; x_wconf 88' lang='lat' dir='ltr'><strong>eas</strong></span> <span class='ocrx_word' id='word_1_277' title='bbox 952 4022 1115 4088; x_wconf 90' lang='lat' dir='ltr'><strong>uidelicet</strong></span> <span class='ocrx_word' id='word_1_278' title='bbox 1130 4043 1220 4106; x_wconf 89' lang='lat' dir='ltr'><strong>quae</strong></span> <span class='ocrx_word' id='word_1_279' title='bbox 1237 4032 1318 4089; x_wconf 86' lang='lat' dir='ltr'><strong>sunt</strong></span> 
     </span>
     <span class='ocr_line' id='line_1_38' title="bbox 264 4121 1315 4206; baseline 0.002 -20"><span class='ocrx_word' id='word_1_280' title='bbox 264 4123 358 4188; x_wconf 87' lang='lat' dir='ltr'><strong>ultra</strong></span> <span class='ocrx_word' id='word_1_281' title='bbox 373 4121 495 4188; x_wconf 84' lang='lat' dir='ltr'><strong>Auene</strong></span> <span class='ocrx_word' id='word_1_282' title='bbox 515 4123 657 4200; x_wconf 87' lang='lat' dir='ltr'><strong>flumen,</strong></span> <span class='ocrx_word' id='word_1_283' title='bbox 671 4142 762 4206; x_wconf 86' lang='lat' dir='ltr'><strong>quae</strong></span> <span class='ocrx_word' id='word_1_284' title='bbox 784 4121 863 4188; x_wconf 88' lang='lat' dir='ltr'><strong>istis</strong></span> <span class='ocrx_word' id='word_1_285' title='bbox 884 4122 1064 4188; x_wconf 89' lang='lat' dir='ltr'><strong>uocabulis</strong></span> <span class='ocrx_word' id='word_1_286' title='bbox 1082 4124 1315 4202; x_wconf 89' lang='lat' dir='ltr'><strong>nominantur,</strong></span> 
     </span>
    </p>
   </div>
   <div class='ocr_carea' id='block_1_7' title="bbox 0 0 1435 4876">
    <p class='ocr_par' dir='ltr' id='par_1_7' title="bbox 0 0 1435 4876">
     <span class='ocr_line' id='line_1_39' title="bbox 0 0 1435 4876; baseline 0 0"><span class='ocrx_word' id='word_1_287' title='bbox 0 0 1435 4876; x_wconf 95' lang='lat' dir='ltr'><strong> </strong></span> 
     </span>
    </p>
   </div>
  </div>
 </body>
</html>
