2850 4876
186 351 251 416 158
442 366 614 415 curasan
637 363 982 417 succosaxourcun.

186 525 354 608 nipotenti
372 524 414 587 ad
433 523 678 588 monasterinm
701 521 848 604 praefati
871 521 1033 604 martyris
1056 523 1241 587 aeternali·

187 637 240 689 ter
256 623 499 709 possidendam
514 622 677 699 concedo,
694 641 840 705 quarum
852 622 941 686 duae
948 622 1051 686 simul
1067 622 1238 699 adiacent,

188 724 253 789 hoc
268 732 322 789 est
338 731 385 787 aet
399 722 584 786 Norittune
602 729 637 785 et
660 740 728 785 una
743 741 864 785 mansa
878 729 925 786 aet
943 721 1239 804 Rodanhangron,

189 826 296 888 tercia
311 843 394 887 nero
414 842 568 886 seorsum
590 823 659 885 sita
678 822 809 886 usitato
824 821 993 886 uocabulo
1011 829 1058 886 aet
1072 821 1239 904 Oxauge·

188 923 286 1005 haege
302 923 509 988 nominatur.
562 921 699 985 Harum
711 921 847 1003 quidem
859 929 1029 986 terrarum
1046 922 1238 1004 portionem

189 1023 268 1087 Offa
298 1043 361 1088 rex
391 1022 600 1086 Merciorum
629 1021 803 1103 quondam
831 1021 954 1102 regali.
969 1022 1042 1086 iure
1070 1022 1236 1104 possedit,

186 1143 332 1206 eamque
351 1122 395 1186 ad
416 1121 631 1204 praedictum
650 1121 894 1184 monasterium
920 1141 983 1203 pro
1006 1140 1124 1186 amore
1149 1124 1237 1187 tanti

187 1224 349 1306 martyris
367 1223 426 1304 qui
443 1221 527 1285 inibi
543 1221 728 1303 requiescit
743 1227 885 1285 aeterna
901 1220 979 1302 lege
996 1221 1140 1285 liberam
1155 1241 1235 1287 con·

187 1324 300 1387 cessit.
353 1322 420 1386 Sed
449 1341 490 1385 eo
514 1319 732 1403 postmodnm
755 1320 934 1398 defuncto,
962 1322 1237 1404 perpotentiam

187 1422 413 1506 quorumdam
429 1422 624 1503 iniquorum
642 1420 816 1484 uiolenter
835 1421 1012 1485 abstracta
1022 1428 1083 1485 ‘est
1098 1426 1133 1485 et
1148 1429 1235 1487 tam·

188 1523 247 1585 diu
265 1525 309 1586 ab
324 1523 400 1604 ipso
417 1522 494 1584 loco
509 1519 636 1584 iniuste
650 1520 805 1596 exclusa,
820 1520 929 1584 donec
946 1519 1085 1585 tandem
1101 1520 1199 1587 fieret
1215 1541 1237 1587 a

188 1621 350 1686 Leofsino
370 1622 457 1685 duce
475 1638 657 1702 possessa3
680 1620 740 1702 qui
758 1619 851 1697 dum,
869 1620 972 1702 culpa
986 1620 1233 1702 suaexigente‚

187 1723 302 1804 patria
328 1721 449 1805 pulsus
477 1720 647 1796 exularet,
677 1719 842 1783 AElirious
870 1719 953 1782 mihi
989 1720 1101 1784 tidelis
1128 1722 1235 1787 archi·-

187 1823 369 1905 episcopus
386 1828 421 1885 et
435 1819 613 1884 Leofrious
634 1820 754 1883 abbas-
766 1820 874 1884 frater
894 1821 967 1884 eius
990 1820 1134 1885 eandem
1157 1841 1236 1904 por·

186 1923 313 1986 tionem
330 1922 412 1986 dato
429 1921 553 2003 pretio,
569 1940 623 1983 me
643 1920 864 1997 concedente,
879 1929 1046 1998 emerunt,
1061 1927 1097 1986 et
1115 1928 1155 1986 nt
1172 1922 1235 1987 deo

187 2042 276 2105 quae
291 2023 345 2086 dei
363 2028 461 2084 erant
479 2021 694 2084 restituerem
711 2027 837 2101 rogatu
854 2019 1064 2085 humillimae
1081 2022 1235 2086 deuotio·

187 2123 240 2185 nis
256 2121 488 2185 obtinuerunt.
542 2119 629 2184 Post
644 2119 776 2184 obitum
795 2139 879 2183 uero
892 2121 1059 2185 nominati
1077 2122 1234 2204 superins

188 2221 437 2304 archiepiscopi
459 2220 704 2303 interpellante
731 2220 837 2283 fratre
856 2220 965 2302 ipsius
988 2220 1079 2285 banc
1105 2229 1235 2286 canam

186 2341 283 2384 meae
302 2320 498 2385 donationis
519 2327 553 2383 et
571 2319 805 2384 renouationis
821 2320 969 2383 scribere
987 2321 1088 2400 iussi3
1114 2322 1237 2404 inqua

187 2421 373 2504 praecipio,
389 2427 460 2483 tam
476 2439 552 2483 mea
569 2438 672 2502 quam
689 2418 745 2483 dei
758 2419 1004 2502 omnipotentis
1019 2423 1234 2498 auctoritate,

168 2527 227 2584 'ut
244 2519 339 2583 nulla
356 2520 458 2583 altior
473 2518 657 2583 inferiorue
677 2537 823 2599 persona
838 2520 1084 2603 cuiuscumque
1099 2521 1145 2584 sit
1161 2521 1236 2603 dig·

188 2620 318 2695 nitatis
333 2619 422 2682 hanc
439 2618 632 2701 portionem
643 2625 764 2682 sancto
780 2620 924 2702 martyri
939 2618 1140 2684 subtrahere
1153 2640 1235 2703 qua-

187 2719 271 2783 libet
288 2719 468 2782 occasione
489 2724 700 2800 praesumat,
716 2719 792 2782 siue
812 2719 849 2782 in
865 2719 950 2782 meis
967 2719 1041 2783 siue
1056 2739 1233 2785 successo·

186 2838 263 2882 rum
292 2837 446 2882 meorum
473 2819 697 2900 temporibus,
722 2819 782 2882 sed
804 2821 1025 2900 permanente
1038 2819 1178 2902 iugiter
1202 2828 1236 2885 et

118 2980 120 2983 ,
186 2917 407 3001 praeualente
424 2918 649 2982 restitutionis
662 2917 804 2982 huiusce
819 2917 1012 3000 priuilegio,
1023 2920 1140 2984 omnia
1155 2939 1233 2985 con·

185 3018 368 3082 trariorum
399 3017 575 3080 molimina
609 3017 842 3082 adnullentur.
909 3016 1031 3100 Sitque
1059 3019 1236 3101 praedicta

184 3126 353 3182 terrarum
379 3118 552 3199 possessio
574 3116 823 3201 perpetualiter
843 3136 886 3181 ea
912 3116 1074 3183 libertate
1095 3119 1234 3199 donata,

185 3237 255 3300 qua
273 3225 481 3282 memoratus
499 3237 562 3281 rex
585 3217 794 3282 Meroiorum
816 3224 888 3281 tam
901 3218 1104 3282 coenobium
1124 3221 1234 3284 sancti

185 3316 314 3382 Albani
329 3338 434 3401 quam
454 3337 571 3381 omnes
589 3336 676 3399 quas
696 3318 780 3381 illuc
796 3317 984 3382 intromisit
998 3320 1235 3401 possessiones

183 3419 277 3483 omni
297 3418 481 3482 deuotione
503 3417 641 3495 ditauit,
663 3417 773 3481 tribus
799 3417 967 3500 exceptis,
990 3425 1067 3482 rata
1092 3418 1233 3502 expedi·

184 3519 289 3596 tione,
300 3518 414 3600 pontis
429 3517 564 3580 arcisue
580 3518 848 3596 restauratione3
865 3524 1040 3581 caeterum
1051 3525 1178 3583 cuncta
1190 3518 1234 3583 ad

185 3638 222 3682 se
236 3617 455 3700 pertinentia,
470 3617 881 3699 campi,*pascua,·prata,
899 3616 1020 3694 siluae,
1038 3624 1074 3682 et
1090 3617 1234 3700 reliqua,

184 3717 292 3781 libera
308 3722 545 3799 permaneant.
591 3714 629 3779 si
645 3717 724 3798 quis
734 3717 842 3797 igitur
853 3715 1090 3781 haec-decreta
1104 3717 1235 3782 uiolare

182 3815 463 3898 praesumpserit,
479 3816 720 3898 omnipotentis
738 3816 792 3880 dei
813 3823 847 3880 et
864 3817 1233 3882 omnium-'sanctornm

183 3934 329 3997 meaque
345 3921 381 3980 et
397 3916 552 3979 omnium·
568 3915 832 3979 christianorum
851 3916 1089 3981 benedictione
1107 3925 1234 3995 careat,

184 4021 220 4078 et
238 4022 380 4078 aeterna
401 4014 648 4080 maledictione
660 4014 842 4080 damnatus
863 4017 1022 4093 intereat,
1043 4017 1110 4080 nisi
1131 4016 1234 4099 digne

184 4113 288 4177 citius
307 4114 557 4181 ,emendauerit
594 4114 687 4198 quod
724 4121 844 4179 contra
877 4115 979 4180 deum
1009 4123 1044 4180 et
1077 4123 1233 4182 sanctum
