2850 4876
454 349 626 398 charran
649 351 993 401 ancnosaxonrcnn.
1200 338 1245 402 65

190 503 329 572 Christo
351 509 549 575 conferente
572 530 635 574 rex
657 518 692 576 et
714 512 931 593 primicerius
951 511 1064 591 tocius
1081 510 1241 575 Albionis

186 608 284 689 regni
301 607 480 691 fastigium
498 609 619 674 humili
634 611 832 694 praesidens
842 612 969 687 animo,
984 613 1029 675 ob
1043 630 1240 675 remunera-

184 706 313 770 tionem
337 711 478 774 maion's
500 712 656 793 praemii,
680 711 931 792 aliquantulam
964 712 1053 773 ruris
1086 711 1238 792 particu-

183 804 256 869 lam
279 824 361 872 .1111.
382 807 544 874 uidelicet
564 817 732 887 cassatos,
752 811 829 875 loco
853 811 913 892 qui
934 810 1060 873 celebri
1075 818 1121 873 aet
1137 809 1239 875 liast-

184 904 299 970 healle
317 909 501 990 profertur,
516 910 561 973 ad
577 910 780 974 aecclesiam
797 911 920 975 beatae
939 909 1074 974 Mariae
1094 909 1238 991 genitri-

184 1006 236 1068 cis
252 1007 309 1071 dei
325 1026 366 1072 ac
384 1008 513 1073 domini
530 1011 638 1074 nostri
656 1010 762 1073 lhesu
780 1009 909 1074 Christi
925 1010 960 1071 in
981 1009 1058 1072 loco
1075 1010 1135 1092 qui
1152 1009 1237 1073 dici·

184 1111 244 1169 tur
254 1105 463 1185 Abbenduu‚
477 1109 519 1173 ad
536 1129 619 1173 usus
633 1110 758 1174 ibidem
770 1110 915 1174 fratrum
933 1108 998 1172 deo
1014 1108 1236 1174 seruientium

183 1204 333 1271 libenter
352 1209 514 1286 concedo,
538 1210 724 1274 obsecrans
747 1216 782 1274 et
802 1210 1017 1292 praecipiens
1039 1209 1075 1272 iu
1099 1209 1236 1274 nomine

186 1303 328 1382 Christi,
353 1315 393 1371 ut
421 1329 522 1374 nemo
553 1329 791 1374 successorum
823 1317 1019 1373 nostrorum
1048 1309 1236 1391 superioris

186 1405 242 1468 uel
273 1405 445 1472 inferioris
470 1410 600 1489 gradus
626 1409 692 1474 hoc
722 1417 860 1473 nostrae
884 1409 1080 1472 deuotionis
1107 1409 1235 1472 donum

185 1505 305 1590 aliquo
339 1508 542 1574 temeritatis
574 1509 792 1592 aliquatenus
828 1509 995 1572 instinctu
1031 1507 1234 1590 disrumpat.

186 1603 240 1668 Sit
268 1613 387 1670 autem
415 1607 631 1689 praedictum
658 1628 717 1673 rus
745 1608 839 1672 omni
870 1616 1028 1672 terrenae
1057 1607 1235 1673 seruitutis

185 1705 268 1786 iugo
292 1705 451 1784 liberum,
477 1708 587 1772 tribus
612 1709 781 1791 exceptis,
804 1715 881 1772 rata
905 1708 1066 1772 uidelicet
1093 1707 1237 1791 expedi·
1351 1716 1356 1727 ’

186 1805 292 1881 tione,
322 1808 437 1888 pontis
465 1809 599 1872 arcisue
628 1808 892 1872 restauratione.
954 1807 991 1871 Si
1021 1807 1099 1889 quis
1128 1807 1236 1889 igitur

186 1903 275 1968 hanc
298 1913 453 1970 nostram
480 1907 700 1972 donationem
726 1908 762 1970 in
793 1908 887 1972 aliud
919 1927 1023 1988 quam
1053 1907 1234 1971 constitui·

188 2025 265 2069 mus
300 2006 485 2070 transferre
513 2007 674 2084 uoluerit,
705 2008 864 2089 priuatus
890 2007 1062 2071 consortio
1092 2014 1235 2072 sanctae

187 2104 242 2169 dei
275 2106 475 2183 aecclesiae,
506 2108 656 2172 aeternis
691 2107 844 2172 barathri
873 2106 1040 2170 incendiis
1078 2105 1234 2186 lugubris

186 2204 317 2287 iugiter
341 2225 418 2269 cum
450 2207 540 2271 luda
564 2207 692 2271 Christi
721 2207 897 2290 proditore
919 2206 1060 2288 eiusque
1088 2206 1233 2287 compli-

187 2306 285 2370 cibus
302 2306 479 2387 puniatur,
496 2307 526 2370 si
546 2327 615 2370 non
638 2307 876 2371 satisfactione
899 2305 1134 2372 emendauerit
1152 2324 1234 2370 cou-

187 2425 286 2486 grua,
312 2406 403 2488 quod
430 2414 551 2471 contra
580 2415 736 2472 nostrum
757 2407 902 2488 deliquit
920 2406 1107 2471 decretum.
1165 2404 1233 2471 His

188 2506 290 2570 metis
317 2507 511 2588 praefatum
542 2527 600 2572 rus
628 2508 708 2571 hinc
736 2507 816 2570 inde
845 2514 1000 2590 gyratur.
1063 2505 1125 2571 Dis
1157 2506 1232 2570 sind

188 2611 234 2671 ba
264 2596 501 2688 landgemffira
532 2598 570 2671 t6
596 2599 681 2672 tiam
709 2623 788 2674 ,1111.
815 2598 900 2670 hida
927 2599 964 2672 to
991 2594 1232 2672 llcasthcalle.

188 2695 276 2775 Eist
305 2708 347 2770 be
372 2695 457 2771 'dam
483 2708 617 2770 burnan
640 2699 682 2772 fit
709 2713 754 2772 ob
781 2714 828 2772 ’da
851 2695 920 2785 san
947 2707 1014 2770 and
1038 2707 1126 2772 from
1141 2695 1233 2772 haere

187 2807 312 2871 ealdan
330 2798 420 2872 heae
442 2798 484 2870 fit
504 2812 549 2871 oti
575 2827 701 2883 mearc,
725 2807 877 2886 andlang
899 2798 990 2885 dsun3
1020 2807 1089 2870 and
1116 2806 1232 2889 Snaep,

187 2905 254 2970 and
282 2898 542 2971 Scammandsrn
567 2907 634 2971 and
663 2907 902 2972 Scortanwida
923 2899 999 2972 into
1022 2894 1232 2972 Eisthealle.

186 3005 290 3070 Anno
320 3007 512 3072 dominicae
547 3008 796 3071 incarnationis
829 3023 1072 3072 .ncccc.ux111.
1101 3006 1233 3088 scripta

188 3114 239 3171 est
269 3106 355 3171 haec
384 3114 492 3184 carta,
517 3107 571 3171 his
599 3108 744 3173 testibus
770 3107 1061 3171 consentientibus
1085 3125 1232 3193 quorum

185 3207 327 3270 inferius
343 3208 482 3270 nomina
499 3215 674 3272 notantur.

240 3310 279 3388 ›1‹
303 3307 380 3389 Ego
403 3307 545 3389 Eadgar
568 3328 630 3371 rex
654 3307 849 3390 Anglorum
871 3308 1035 3370 concessi.
1093 3311 1132 3389 ›1‹
1155 3308 1232 3389 Ego

185 3406 348 3470 Dunstan
362 3408 640 3490 archiepiscopus
656 3407 889 3472 corroboraui.
940 3409 979 3487 ›1‹
995 3406 1072 3487 Ego
1089 3406 1233 3471 Oscutel

186 3507 368 3589 episcopus
392 3507 605 3571 confirmaui.
662 3510 701 3588 ›1‹
725 3509 802 3590 Ego
824 3505 930 3572 Osulf
948 3505 1131 3589 episcopus
1149 3525 1231 3569 con·

185 3607 341 3671 solidani.
412 3610 451 3688 ›1‹
481 3608 558 3689 Ego
587 3603 766 3690 Byrhtelm
789 3610 973 3690 episcopus
998 3606 1231 3670 corroboraui.

189 3708 229 3789 »1⁴
249 3707 327 3788 Ego
348 3706 505 3771 Osuuold
527 3707 709 3790 episcopus
729 3708 901 3789 adquieui.
951 3706 991 3787 »1⁴
1013 3707 1089 3788 Ego
1109 3705 1230 3769 AE'6el·

183 3806 289 3870 uuold
323 3806 441 3870 abbas.
518 3811 557 3889 ›1‹
593 3807 669 3889 Ego
705 3807 828 3871 AElfric
872 3807 992 3870 abbas.
1078 3809 1117 3887 ›1‹
1156 3805 1232 3886 Ego

185 3905 355 3986 AEscuuig
378 3906 496 3970 abhas
553 3908 592 3989 »1⁴
614 3907 689 3988 Ego
712 3905 894 3970 AElfuuold
917 3907 1036 3969 abbas
1094 3904 1133 3985 »1⁴
1154 3903 1232 3986 Ego

183 4005 344 4069 AElfhere
360 4004 444 4072 dux.
495 4007 534 4085 ›1‹
550 4005 627 4088 Ego
645 4005 811 4069 AElfheah
826 4007 910 4069 dux.
961 4008 1000 4086 ›1‹
1018 4003 1094 4083 Ego
1112 4004 1231 4069 AEsel-

182 4112 261 4171 stan
277 4105 363 4170 dux,
420 4109 459 4187 ›1‹
475 4106 551 4185 Ego
569 4105 776 4170 AE'delunine
793 4105 877 4169 dux.
934 4107 973 4185 ›1‹
989 4103 1065 4182 Ego
1084 4104 1230 4168 Beorht-

232 4222 318 4269 non.
338 4222 386 4268 vr.
1064 4219 1083 4265 u
