2850 4876
440 370 612 418 ausurus
638 369 981 419 aucuosnxorucau.
1212 356 1235 417 5

190 526 371 592 AElielwold
388 526 472 593 dux.
521 528 563 611 ›1‹
578 527 833 609 EgoBirhtnoii
846 529 928 592 dux.
979 527 1233 611 ›14EgoAEliel-

188 628 252 711 sige
267 629 437 692 minister.
493 627 536 712 ᾖ
567 627 643 709 Ego
665 628 816 711 AElfsige
855 628 1018 693 minister.
1091 630 1133 715 ›1‹
1156 630 1231 710 Ego

189 728 259 793 Uffa
286 728 455 793 minister.
526 728 568 813 ›1‹
599 728 675 809 Ego
690 727 816 793 Osfcr'd
835 729 999 794 minister.
1085 729 1128 812 ›1‹
1156 729 1233 809 Ego

188 828 337 911 Winsige
365 828 530 892 minister.
595 828 637 913 ›1‹
658 828 735 909 Ego
751 828 949 893 AE’Selwold
972 830 1137 893 minister.
1185 830 1228 913 ›1‹

190 929 254 1011 Ego
275 928 464 1012 Byrhtfer'o
483 928 648 991 minister.

205 1027 356 1093 ,Raima
404 1028 466 1092 Dis
491 1028 520 1091 is
545 1016 638 1092 bara
660 1020 809 1093 landbdc
831 1019 868 1093 t6
886 1028 1049 1106 Hammo,
1063 1032 1119 1093 sae
1138 1015 1232 1092 Ead-

190 1117 244 1209 gdr
258 1130 336 1210 cing
355 1119 532 1210 gebocade
549 1116 753 1192 AEbelstaue
772 1130 931 1212 bisceope
949 1149 994 1193 on
1012 1118 1084 1193 aare
1099 1129 1183 1212 yrfe.

597 1429 820 1496 Mccxxr.

544 1551 764 1657 niueis,
789 1580 864 1643 959.

235 1733 275 1818 ᾧ
303 1733 538 1798 Anrlrnaour
564 1730 791 1796 moderatoris
818 1732 961 1814 imperio
989 1734 1155 1798 triniatim
1181 1734 1232 1798 iu-

192 1835 360 1911 struimur,
379 1840 419 1896 ut
438 1832 489 1896 illi
512 1832 638 1915 oppido
663 1832 808 1896 subiecti
835 1834 1094 1915 suppeditantes
1122 1835 1232 1898 famu·

192 1931 301 2010 lemur,
331 1935 391 2016 qui
415 1934 523 1996 totius
551 1932 670 1996 mundi
700 1932 864 1997 fabricam
889 1936 976 1997 miro
1001 1935 1232 2017 ineffabilique

191 2035 270 2097 serie
298 2033 482 2115 disponens
507 2033 781 2108 microcosmum,
807 2031 919 2097 Adam
954 2034 1127 2111 uidelicet,
1155 2044 1232 2098 tau-

190 2132 258 2197 dem
281 2133 506 2216 quadriformi
527 2134 737 2213 plasmatum
761 2134 917 2208 materia,
936 2134 1027 2197 almo
1051 2134 1094 2197 ad
1117 2135 1233 2215 suisi-

191 2233 411 2298 militudiucm
437 2234 635 2296 instinctum
660 2233 858 2314 spiramine,
884 2235 1053 2297 uniuersis
1082 2254 1170 2315 qnae
1197 2237 1233 2297 in

189 2332 305 2398 infimis
320 2334 543 2410 formauerat,
556 2353 625 2397 uuo
639 2333 809 2414 probandi
823 2353 930 2397 causa
943 2345 1091 2416 excepto
1105 2335 1232 2398 uetito-

190 2452 259 2515 que,
275 2433 489 2516 praeficiens,
506 2433 752 2497 Paradisiacae
769 2434 989 2498 amoenitatis
1007 2434 1231 2511 iocunditate,

189 2534 394 2598 collaterana
424 2533 512 2610 Ena,
539 2534 669 2597 scilicet
692 2534 830 2610 comite,
861 2534 1098 2598 decentissime
1127 2534 1232 2599 collo-

189 2636 294 2707 cauit;
329 2633 501 2697 laruarica
538 2653 600 2716 pro
640 2631 758 2698 dolor!
794 2634 958 2698 seductus
999 2635 1231 2712 cauillatione,

188 2733 376 2815 uer'sipellis
393 2733 969 2814 suauisibilisquetergiuersatione
979 2735 1147 2815 uiraginis
1159 2737 1229 2817 pel-

188 2832 304 2910 lectae,
336 2833 565 2897 anathematis
592 2832 707 2914 alogia
735 2834 855 2897 ambro
882 2854 1020 2916 pomum
1049 2836 1233 2899 momordit

188 2935 341 3009 uetitum,
353 2940 387 2997 et
404 2934 469 2996 sibi
484 2953 525 2996 ac
540 2933 685 3015 posteris
701 2934 735 2995 in
749 2932 814 2996 boc
832 2953 1062 3015 aerumpnoso
1080 2935 1232 2999 deiectus

186 3034 320 3098 saeculo
343 3034 449 3097 letum
473 3032 661 3115 promeruit
681 3042 897 3114 perpetuum.
951 3034 1230 3100 Uaticinantibus

185 3134 350 3216 siquidem
374 3133 564 3216 prophetis,
583 3138 617 3195 et
635 3131 780 3196 coelitus
805 3134 944 3216 superni
961 3137 1053 3215 rogis
1071 3136 1233 3200 diuturna

185 3234 396 3299 clandestino
433 3232 617 3316 praesagia
656 3232 817 3312 dogmate
853 3236 1087 3314 promentibus
1126 3236 1232 3299 nitide

183 3334 404 3407 orthodoxis3
436 3332 609 3413 eulogium
636 3352 679 3394 ex
705 3333 862 3415 supernis
893 3332 1063 3409 deferens,
1092 3356 1159 3399 uon
1195 3342 1233 3399 ut

184 3434 390 3498 Iudaeorum
430 3432 595 3496 seditiosa
627 3431 764 3513 elingue
788 3433 917 3495 fatetur
941 3432 1146 3513 loquacitas,
1172 3436 1231 3498 sed

182 3536 371 3616 priscorum
400 3540 504 3616 atque
533 3531 773 3595 modernorum
807 3530 1051 3613 lepidissimam
1080 3534 1233 3597 ambiens

183 3634 391 3710 facundiam,
410 3632 579 3697 Arrianas
595 3631 878 3712 Sabelliauasque
894 3630 1100 3713 proterendo
1115 3633 1234 3697 nenias

182 3735 372 3817 anagogico
389 3732 595 3796 infrustrans
615 3731 753 3809 famine,
770 3750 901 3813 nosque
926 3732 970 3794 ab
993 3733 1132 3796 obtunsi
1156 3751 1234 3797 coe·

182 3834 288 3898 citate
306 3833 529 3897 umbraminis
553 3832 596 3895 ad
612 3850 836 3913 supernorum
853 3831 1109 3895 alacrimoniam
1127 3835 1233 3914 patri·

183 3935 372 3998 mouiorum
397 3934 584 4007 aduocatos
603 3932 748 4010 angelus
770 3930 928 4012 supernis
954 3930 1093 4013 elapsus
1108 3932 1232 3998 limini·

183 4036 299 4098 busin
314 4053 430 4097 aurem
446 4034 672 4095 intemeratae
690 4029 846 4110 uirginis,
865 4039 904 4094 ut
918 4031 1234 4115 euuangelicaproc

184 4134 342 4217 mulgaut
363 4133 504 4207 famina,
530 4130 700 4212 stupenda
723 4130 888 4194 cecinisse
909 4130 1046 4194 uidetur
1069 4135 1232 4210 carmina,
