2850 4876
316 354 488 405 cusoria
510 355 857 407 naccosaxorucun.
1045 336 1112 401 109

415 606 744 675 mcccxxvii.¹

305 725 859 835 *ninwsnnnaooutora

110 913 151 993 ›1‹
178 907 398 974 Goumauar
429 927 493 972 nos
522 925 643 973 sacrae
672 907 890 971 auctoritatis
924 909 1109 991 scriptura,

54 1010 187 1086 dicens,
203 1006 354 1072 ‘Nudus
377 1026 536 1089 egressus
559 1026 635 1073 sum
660 1026 706 1070 ex
730 1014 830 1071 utero
855 1007 976 1071 matris
1000 1027 1111 1086 meae,

55 1116 92 1174 et
110 1109 225 1175 nudus
240 1112 398 1171 reuertar
418 1106 537 1186 illuc;’
563 1106 752 1181 etiterum,
770 1105 912 1170 ‘Nichil
927 1107 1110 1172 intulimus

54 1209 92 1273 in
107 1208 200 1272 hunc
215 1206 394 1284 mundum,
410 1225 529 1270 uerum
548 1224 613 1269 nec
630 1206 674 1269 ab
694 1225 736 1269 co
759 1205 895 1269 auferre
910 1206 993 1288 quid
1011 1213 1119 1289 pote.

55 1302 187 1372 rimus!
240 1305 462 1388 Quapropter
478 1304 600 1371 lubrici
615 1311 816 1386 potentatus
838 1324 907 1369 non
919 1305 1110 1384 immemor,

56 1427 123 1489 ego
146 1403 355 1481 Eadweard,
373 1404 512 1469 Christo
534 1403 730 1468 conferente
755 1411 817 1468 rex‘
840 1411 875 1469 et
896 1405 1112 1488 primicerius

56 1506 172 1573 tocius
206 1504 377 1581 Albionis,
408 1504 507 1585 regni
540 1503 716 1584 fastigium
756 1503 877 1567 humili
909 1504 1111 1588 praesidens

57 1605 188 1683 animo,
214 1605 258 1669 ob
283 1603 592 1670 remunerationem
613 1602 754 1666 maioris
775 1603 932 1685 praemii,
955 1605 1113 1687 aliquan-

58 1705 171 1773 tulam
187 1703 279 1768 ruris
298 1703 502 1786 particulam
523 1719 597 1768 Νη.
619 1709 856 1785 comparatam
876 1705 1034 1780 cassatis,
1056 1705 1113 1768 cui

59 1803 271 1870 uocabulum
297 1808 391 1867 certa
416 1802 661 1885 astipulatione
690 1801 902 1883 Cingestune
928 1803 1113 1885 profertur,

60 1903 104 1970 ad
121 1903 327 1969 aecclesiam
344 1903 468 1971 beatae
484 1900 631 1978 Mariae,
647 1901 824 1983 genitricis
841 1901 896 1965 dei
920 1920 961 1967 ac
984 1901 1115 1966 domini

62 2004 174 2079 nostri
189 2001 297 2078 Ihesu
319 2000 460 2078 Christi,
477 2000 511 2064 in
535 2001 611 2067 loco
628 2001 689 2082 qui
705 2001 831 2066 dicitur
844 1998 1053 2077 Abbandun‚
1069 2001 1114 2067 ad

62 2122 147 2169 usus
164 2101 291 2171 ibidem
306 2100 450 2172 fratrum
467 2098 532 2163 deo
549 2100 773 2165 corruentium
790 2099 936 2164 libenter
953 2099 1116 2179 concedo,

64 2204 251 2278 obsecrans
276 2208 313 2265 et
332 2199 546 2283 praecipiens
568 2199 604 2262 in
631 2200 768 2264 nomine
786 2198 928 2277 Christi,
950 2206 990 2264 ut
1016 2219 1116 2264 nemo

64 2320 302 2368 successorum
318 2306 515 2365 nostrorum
530 2298 716 2382 superioris
731 2298 788 2363 uel
804 2299 974 2364 inferioris
988 2298 1117 2379 gradus

66 2401 132 2467 boc
153 2407 293 2465 nostrae
315 2398 509 2466 deuotionis
534 2397 662 2463 donum
687 2398 805 2481 aliquo
829 2399 1031 2464 temeritatis
1054 2398 1116 2462 ali·

67 2507 239 2584 quatenus
266 2500 434 2573 instinctu
462 2498 663 2583 disrumpat.
710 2498 764 2563 Sit
795 2505 909 2564 autem
941 2499 1121 2583 praedicta

68 2601 184 2677 tellus,
209 2618 313 2683 quam
344 2619 410 2681 ego
434 2618 511 2662 cum
539 2617 707 2662 consensu
733 2599 938 2682 optimatum
963 2619 1119 2665 meorum

67 2699 226 2783 praefato
242 2698 389 2781 largitus
411 2717 486 2762 sum
503 2699 679 2775 coenobio,
698 2699 741 2762 ab
759 2699 853 2763 omni
872 2707 1027 2764 terrenae
1045 2719 1117 2763 ser-

70 2799 195 2865 uitutis
217 2798 299 2880 iugo
319 2797 439 2877 libera,
462 2798 572 2863 tribus
594 2798 649 2863 his
669 2799 836 2882 exceptis,
860 2805 938 2863 rata
959 2798 1120 2864 uidelicet

70 2898 302 2982 expeditione,
334 2898 451 2980 pontis
487 2898 622 2963 arcisue
655 2899 917 2963 restauratione.
970 2899 1008 2962 Si
1041 2899 1120 2982 quis

70 3006 199 3076 antem,
213 2998 383 3063 laruarico
399 2997 583 3062 instinctus
601 2998 737 3082 spiritu,
760 2998 825 3063 hoc
841 2998 968 3063 donum
986 2999 1118 3063 uiolare

70 3100 298 3165 immutarene
330 3104 638 3180 praesumptuosus
664 3099 897 3180 temptauerit,
924 3098 992 3162 nisi
1016 3099 1123 3182 digna

72 3197 310 3272 satisfactione
349 3206 430 3262 ante
469 3197 600 3263 obitum
639 3216 739 3261 suum
781 3216 859 3260 reus
900 3198 1123 3279 poenituerit,

73 3297 223 3364 aeternis
236 3297 391 3362 barathri
401 3303 596 3380 prostratus
611 3295 777 3360 incendiis
791 3315 870 3359 cum
887 3295 977 3359 luda
993 3295 1123 3362 christi

73 3395 249 3480 proditore
273 3396 495 3461 aeternaliter
517 3396 675 3477 lugubris
699 3396 873 3479 puniatur.
927 3393 996 3459 His
1021 3395 1123 3459 metis

73 3495 269 3580 praefatum
294 3515 354 3560 rus
380 3496 436 3560 hic
457 3495 537 3560 inde
561 3504 714 3579 gyratur.
762 3495 827 3561 Dis
854 3493 931 3559 sind
948 3499 997 3559 ‘da
1022 3494 1121 3558 land·

75 3584 227 3678 gemaero
240 3615 329 3661 aecer
343 3595 452 3662 under
464 3614 582 3660 aecere.
622 3596 741 3661 AErest
754 3595 796 3660 oi
806 3595 940 3660 Eccene
953 3614 999 3659 on
1014 3583 1124 3657 mere-

76 3699 177 3781 born;
204 3694 246 3760 of
266 3685 463 3781 merepome
491 3698 604 3759 onita
630 3687 906 3774 hoatodaeccros3
930 3700 1049 3760 banuo
1080 3713 1124 3757 on

76 3794 256 3876 Swanesig
289 3814 333 3858 on
364 3800 456 3859 atone
487 3793 610 3858 ealdan
643 3782 755 3873 garon
784 3793 1056 3873 middeweard03
1091 3791 1130 3857 ol

75 3884 156 3969 tt‘am
171 3893 295 3959 ealdan
321 3882 432 3975 garan
454 3892 608 3975 andlang
623 3892 693 3958 riht
709 3884 877 3976 gemaeres
892 3913 937 3958 on
952 3892 1127 3957 AElfredes
1172 3959 1174 3962 ,

112 4049 119 4081 ¹
136 4055 185 4104 See
203 4052 247 4102 tbe
262 4053 313 4102 last
326 4051 434 4101 charter.
471 4050 601 4112 Probably
612 4049 654 4100 the
669 4051 730 4101 land
747 4049 853 4113 granted
866 4054 892 4099 to
904 4051 1012 4102 AElletan
1023 4067 1078 4104 was
1094 4054 1129 4117 by

76 4124 127 4174 tim
137 4126 166 4175 in
176 4125 237 4187 part
247 4121 383 4185 regranted
394 4127 420 4171 to
432 4119 578 4182 Abingdon.
