2850 4876
182 333 253 409 1602
439 350 611 398 canaria
633 348 979 397 nncnosaxomcsn.

619 609 800 675 MCCCV.

519 758 783 835 AEDELRED,
806 757 904 823 1008.

244 911 283 991 ›1‹
304 908 443 972 Sciuus
459 907 542 990 quia
554 908 591 970 in
608 907 725 971 multis
740 906 944 972 offendimus
960 926 1101 988 omnes;
1119 907 1150 972 si
1161 929 1244 974 uero

184 1009 221 1072 in
237 1010 339 1072 rebus
357 1008 542 1090 aliquando
560 1007 826 1071 aecclesiasticis
844 1007 1058 1084 offendimus
1081 1028 1241 1092 eaquae,

187 1109 252 1172 deo
276 1108 474 1183 adiuuante,
495 1106 677 1170 emendare
701 1126 867 1171 conamur
888 1107 1085 1171 firmissimo
1109 1108 1241 1173 littera·

186 1228 262 1271 rum
280 1209 368 1272 libro
386 1208 519 1271 munire
541 1206 718 1284 debemus
735 1227 778 1270 ne
795 1208 933 1284 iterum,
956 1207 1048 1289 quod
1067 1208 1171 1285 absit,
1187 1228 1241 1273 res

186 1308 444 1372 aecclesiastica
459 1326 481 1370 a
491 1307 651 1370 manibus
667 1306 885 1388 possideatur
897 1307 1020 1370 alienis
1036 1307 1240 1391 cupiditatis

186 1427 302 1472 causa.
355 1406 436 1486 Qua
457 1406 499 1470 de
519 1427 568 1484 re,
591 1425 657 1488 ego
674 1406 894 1483 AEttelredus,
911 1407 966 1470 dei
988 1413 1088 1484 nutu,
1105 1405 1240 1490 Anglo-

187 1528 262 1571 rum
275 1507 439 1584 basileus,
454 1514 573 1588 notum
587 1507 667 1570 uolo
682 1506 802 1570 adesse
814 1507 972 1571 omnibus
986 1527 1062 1571 meo
1076 1507 1241 1573 subiectis

186 1607 330 1689 imperio
355 1606 448 1688 quod
473 1606 611 1688 quidam
638 1605 736 1670 miles
760 1606 939 1687 AElfgarus
965 1607 1115 1683 nomine,
1142 1627 1240 1673 meus

187 1706 349 1770 uidelicet
358 1707 577 1789 praepositus
589 1713 695 1787 atque
706 1706 916 1788 praeciosus,
927 1707 1099 1789 quandam
1111 1707 1240 1772 iniuste

187 1807 376 1888 adquisiuit
388 1806 507 1869 uillam
520 1805 757 1870 sanctissimae
769 1805 945 1887 genitricis
957 1806 1092 1870 Mariae
1103 1806 1242 1872 Abben-

189 1907 350 1970 donensis
370 1907 538 1982 coenobii,
555 1908 598 1970 ab
615 1905 737 1969 incolis
753 1905 905 1969 Mordun
927 1907 1140 1971 nominatam
1159 1923 1239 1973 Μ.

189 2025 338 2083 mansos,
357 2014 510 2089 tempore
531 2005 693 2070 uidelicet
710 2005 869 2069 Eadwini
889 2006 1037 2083 abbatis,
1053 2026 1108 2069 me
1124 2013 1241 2072 tamen

187 2108 436 2184 consentiente,
458 2107 617 2188 quamuis
642 2105 780 2181 iniuste,
808 2105 971 2187 deditque
997 2106 1136 2188 coniugi
1157 2126 1241 2172 suae

189 2205 333 2287 AElfgise
357 2207 421 2269 sub
443 2205 672 2269 haereditario
693 2204 845 2269 datalicii
874 2205 984 2284 dono;
1009 2225 1077 2288 quo
1103 2213 1241 2272 mortuo

190 2306 369 2389 praedicta
402 2306 524 2370 mulier
557 2303 705 2386 AElfgisu
738 2304 797 2368 alii
830 2305 994 2386 copulata
1026 2314 1082 2370 est
1115 2307 1241 2372 marito

188 2406 335 2488 Wulgat
365 2406 556 2486 uocabulo;
590 2405 651 2487 qui
678 2405 779 2468 ambo
808 2404 949 2468 crimine
977 2405 1130 2488 pessimo
1151 2407 1242 2472 iuste

137 2549 139 2553 «
190 2507 234 2570 ab
261 2507 353 2569 omni
380 2506 528 2570 incusati
558 2513 640 2570 sunt
670 2504 800 2586 populo
826 2523 932 2569 causa
957 2524 1041 2570 suae
1067 2505 1242 2571 machina·

190 2605 294 2670 tionis
319 2605 490 2687 propriae,
517 2606 560 2669 de
586 2605 782 2687 quamodo
805 2624 874 2668 non
900 2612 954 2668 est
977 2605 1158 2669 dicendum
1180 2626 1243 2689 per

191 2705 349 2786 singula3
375 2711 515 2787 propter
538 2723 642 2786 quam
661 2723 744 2768 uero
767 2704 1056 2770 machinationem
1081 2725 1170 2786 quae
1189 2707 1240 2770 iu·

192 2806 282 2888 iuste
300 2805 537 2886 adquisierunt
548 2805 664 2867 omnia
677 2803 767 2867 iuste
777 2804 1019 2886 perdiderunt:
1040 2824 1109 2887 quo
1120 2804 1241 2870 auditu

193 2903 397 2986 Wulfgarus
423 2904 590 2986 praedicti
622 2912 743 2986 pastor
774 2905 973 2968 monasterii
1002 2904 1045 2970 de
1067 2905 1243 2987 praedicta

193 3005 313 3068 statim
336 3002 515 3068 admonuit
536 3024 591 3068 me
614 3002 736 3066 uillula
762 3022 867 3085 quam
890 3004 958 3086 ipsi
980 3002 1107 3068 iniuste
1136 3005 1242 3087 possi·

194 3105 343 3184 debant3
369 3123 435 3186 ego
457 3110 574 3168 autem
599 3122 731 3167 memor
755 3102 893 3166 illorum
918 3104 1067 3168 iniustae
1091 3104 1242 3187 adquisi-

194 3204 333 3269 sitionis'
356 3212 391 3269 et
419 3224 515 3269 meae
544 3224 611 3269 non
642 3204 752 3267 bonae
781 3203 1015 3267 consensionis
1047 3222 1124 3267 cum
1151 3202 1243 3269 omni

194 3304 306 3369 cordis
330 3305 512 3369 desiderio·
527 3303 719 3388 praefatam
744 3302 875 3366 reddidi
901 3302 1020 3367 uillam
1042 3305 1166 3368 beatae
1188 3305 1242 3370 dei

194 3405 352 3488 genitrici
374 3404 528 3479 Mariae;
554 3403 614 3468 sed
636 3411 671 3467 et
695 3422 799 3466 unum
823 3402 1036 3484 praediolum
1060 3404 1096 3466 in
1118 3402 1243 3469 Croca-

193 3505 272 3570 lade
287 3505 429 3569 ciuitate
445 3505 563 3581 situm,
574 3503 666 3585 quod
680 3502 807 3566 dudum
822 3521 899 3566 meo
910 3502 1242 3585 praesatodederam

192 3606 403 3688 praeposito,
413 3604 513 3668 trado
529 3609 564 3667 et
575 3601 724 3666 concedo
736 3602 845 3666 eidem
860 3609 1001 3667 sanctae
1013 3602 1150 3667 Mariae
1164 3623 1241 3686 per·

193 3713 299 3788 petua
327 3703 550 3768 haereditate.
614 3701 651 3767 Si
678 3700 756 3784 quis
784 3701 889 3764 alium
914 3701 1105 3766 libellulum
1132 3702 1241 3767 falsae

194 3803 395 3885 cupiditatis
420 3809 630 3867 attramento
653 3800 913 3883 praetitulatum
942 3808 1064 3866 contra
1084 3802 1189 3866 istum
1206 3803 1242 3868 in

193 3903 308 3983 palam
334 3902 529 3985 protulerit,
560 3921 623 3964 nec
650 3901 715 3965 sibi
744 3919 806 3964 nec
834 3920 918 3964 suae
942 3900 1101 3983 proficiat
1129 3903 1243 3967 auari-

193 3999 274 4076 tiae,
301 4001 361 4064 sed
390 4023 412 4067 a
439 4002 558 4067 diuino
583 4000 629 4064 sit
653 4001 690 4064 in
712 4007 916 4083 perpetuum
942 4000 1138 4084 perforatus
1168 4021 1243 4084 gra·

192 4097 321 4179 phiolo,
336 4108 371 4163 et
383 4102 457 4182 ipse
474 4121 552 4166 meo
563 4108 668 4184 atque
679 4120 831 4165 meorum
843 4100 1027 4165 interdictu
1041 4101 1241 4182 pontificum
