2850 4876
378 365 549 414 ounnrnn
572 366 917 417 nunnosnxonrcsn.
1104 351 1169 415 163

537 619 741 687 Mcccvl.

447 768 707 848 AEDELRED,
729 770 827 835 1009.

162 919 206 1002 ›1‹
246 918 292 982 ΙΝ
322 920 460 983 nomine
490 920 666 985 creatricis
696 927 732 985 et
759 919 995 983 dominatricis
1022 927 1164 987 sanctae

111 1019 280 1082 trinitatis
308 1019 363 1083 dei
389 1020 645 1101 omnipotentis,
668 1021 727 1104 qui
750 1019 845 1083 solus
869 1039 1014 1100 regnum
1037 1019 1167 1084 incom-

106 1119 276 1182 mutabile
305 1126 340 1183 et
372 1120 630 1201 incorruptibile
657 1128 762 1202 atque
792 1119 964 1183 ineffabile
996 1127 1165 1200 perpetua

104 1224 284 1299 potestate
301 1219 456 1300 possidet
469 1238 510 1281 ae
524 1220 696 1283 continet!
736 1219 813 1300 Ego
831 1218 1007 1295 AEdelred,
1024 1218 1164 1282 Christo

104 1325 295 1394 annuente,
312 1337 375 1382 rex
392 1326 428 1382 et
448 1318 662 1399 primicerius
685 1320 792 1384 totius
815 1316 986 1394 Albionis‚
1005 1318 1163 1401 aliquan-

105 1416 220 1480 tulam
239 1425 351 1481 terrae
371 1418 638 1500 portiunculam,
660 1418 695 1482 id
715 1425 780 1494 est,
799 1420 902 1481 trium
919 1418 983 1480 sub
998 1419 1162 1481 aestima-

106 1516 202 1581 tione
219 1518 440 1598 perticarum,
455 1519 490 1581 in
506 1518 597 1594 loco,
612 1525 682 1582 uta
697 1517 877 1599 gnoscitis‚
893 1517 1043 1581 Hammo
1058 1517 1163 1595 dicto,

107 1635 172 1698 pro
196 1616 347 1681 remedio
370 1618 505 1680 animae
527 1637 623 1682 meae
643 1618 688 1681 ad
711 1617 992 1682 monasteriolum
1015 1619 1162 1681 sanctis-

108 1715 186 1780 simi
197 1715 307 1792 Petri,
317 1717 483 1799 principis
492 1718 739 1800 apostolorum,
752 1717 905 1799 quincto
917 1715 1161 1801 Abelinganye

108 1823 329 1898 nuncupatur
360 1825 534 1893 onomate,
567 1817 611 1882 ad
644 1818 921 1900 supplementum
951 1818 1161 1881 coenobialis

112 1915 205 1980 uitae
224 1915 441 1981 Christicolis
465 1918 529 1980 sub
548 1915 693 1981 AElsrico
721 1918 845 1983 abbate
867 1916 994 1979 ibidem
1017 1917 1081 1981 deo
1104 1917 1162 1980 de-

109 2024 190 2080 uote
213 2016 444 2081 seruientibus
468 2017 615 2080 libenter
641 2017 804 2092 concedo,
833 2023 1005 2098 quatenus
1033 2017 1161 2080 oratio·

111 2134 192 2178 num
209 2134 351 2180 suarum
369 2115 481 2181 officia
493 2115 752 2199 frequentantes
768 2136 831 2198 pro
843 2121 960 2180 nostra
972 2115 1160 2196 fragilitate

110 2215 246 2279 enixius
265 2216 485 2298 interpellare
502 2217 670 2281 nitantur.
717 2217 763 2280 Et
781 2217 845 2279 hoc
866 2217 994 2279 donum
1012 2215 1159 2281 liberum

110 2315 152 2378 ab
184 2316 277 2379 omni
311 2315 480 2380 saeculari
507 2317 650 2381 seruitio
676 2316 950 2398 perstringimus,
976 2315 1042 2378 nisi
1069 2314 1159 2383 forte

110 2422 255 2479 cunctae
282 2415 376 2498 plebi
407 2435 546 2480 necesse
574 2417 620 2480 sit
646 2415 777 2480 uallum
803 2422 865 2480 aut
894 2415 1022 2479 fossam
1048 2413 1159 2483 hostis

108 2513 255 2578 obiicere
278 2515 457 2592 exercitui,
480 2536 542 2580 seu
567 2523 660 2580 certe
682 2523 821 2598 pontem
839 2520 1039 2580 construere
1054 2516 1158 2595 regis,

108 2614 243 2695 regisue
265 2614 520 2697 expeditionem
539 2617 636 2680 inire.
690 2614 770 2680 Hoc
793 2616 911 2697 itaque
930 2622 1085 2678 nostrum
1100 2616 1159 2680 de·

107 2721 237 2778 cretum
246 2713 486 2795 frangentibus
500 2714 660 2779 Paradisi
674 2715 787 2779 aditus
803 2716 991 2796 denegetur
1003 2734 1011 2792 ;
1028 2734 1157 2796 augen-

108 2815 199 2878 tibus
214 2833 297 2878 uero
314 2835 377 2878 rex
398 2834 519 2897 regum
539 2815 755 2896 omnipotens
777 2816 907 2896 gaudia
931 2833 1155 2896 supernorum

106 2915 232 2978 ciuium
256 2913 292 2977 in
320 2914 461 2980 coelesti
494 2914 682 2979 Ierusalem
708 2915 875 2980 concedat
903 2915 939 2977 in
967 2922 1154 2977 aeternum.

109 3014 219 3079 Facta
236 3019 290 3078 est
311 3021 426 3077 autem
448 3014 533 3078 haee
554 3014 711 3096 praefata
731 3014 874 3079 donatio
896 3033 987 3077 anno
1010 3013 1156 3078 domini-

107 3135 166 3179 cae
182 3115 551 3178 incamationis.u.1X.
570 3114 757 3177 indictione
770 3131 842 3176 ,viu
862 3107 1163 3178 consentientibus

105 3214 236 3280 idoneis
265 3214 423 3290 testibus,
449 3234 596 3296 quorum
624 3215 764 3277 nomina
793 3214 916 3274 subtus
948 3221 1155 3293 praenotata

106 3315 322 3379 cernentibus
340 3312 431 3377 clare
449 3319 643 3396 patescunt.

159 3417 198 3496 ›1‹
220 3413 296 3494 Ego
313 3413 479 3478 AEdelred
491 3433 554 3477 rex
572 3411 757 3494 singularis
767 3408 941 3492 priuilegii
954 3409 1154 3479 monarchia

106 3513 282 3597 praeditus
299 3513 402 3576 huius
418 3512 559 3576 indiculi
577 3512 786 3577 soliditatem
805 3530 882 3574 cum
900 3509 999 3590 signo
1012 3517 1154 3572 sanctae

106 3615 216 3679 crucis
237 3613 279 3697 ›1‹
300 3612 531 3677 corroboraui.
581 3612 623 3696 ›1‹
649 3611 724 3693 Ego
748 3610 915 3674 AEli'heah
942 3606 1153 3672 Doroberni-

104 3714 194 3779 ensis
211 3713 398 3777 aecclesiae
413 3712 691 3795 archiepiscopus
708 3710 859 3774 eiusdem
884 3710 976 3791 regis
998 3707 1155 3771 donatio-

104 3834 180 3878 nem
205 3833 284 3877 cum
314 3804 445 3875 uexillo
473 3812 572 3893 agiae
599 3812 710 3876 crucis
737 3809 948 3873 confirmaui.
1014 3806 1056 3890 ›1‹
1078 3805 1154 3886 Ego

102 3913 280 3979 Wulsstan
303 3912 532 3976 Eboracensis
552 3910 740 3976 aecclesiae
769 3908 1047 3990 archiepiscopus
1073 3925 1162 3969 eon-.

102 4014 194 4078 sensi
209 4019 244 4076 et
261 4012 460 4093 subscripsi.
515 4011 558 4095 ›1‹
578 4011 655 4091 Ego
670 4008 854 4081 AEdelstan
868 4006 961 4071 clito.
1017 4006 1059 4090 ›1‹
1077 4005 1153 4086 Ego

99 4110 282 4196 ¹Eadmnnd
293 4111 385 4175 clito.
434 4111 476 4195 ›1‹
498 4112 574 4192 Ego
591 4107 726 4173 Eadrcd
748 4107 841 4170 clito.
890 4106 932 4190 ›1‹
953 4106 1028 4187 Ego
1046 4104 1152 4177 AElfin

965 4221 1013 4265 na
