2850 4876
447 365 620 415 assarna
646 364 990 414 nrenosnxonrcan.
1178 350 1241 414 121

186 521 359 605 AEscuuig
376 522 559 606 episcopus
573 521 738 587 conclusi.
793 522 836 607 *1⁴
849 521 926 604 Ego
939 521 1042 603 Sigar
1056 523 1239 605 episeopus

186 622 398 706 subscripsi.
434 622 478 707 »Β
499 623 577 704 Ego
593 623 719 687 AElfric
734 622 918 704 episcopus
939 641 1006 686 non
1026 623 1136 687 renui.
1194 625 1233 705 ›1‹

186 721 260 805 Ego
270 720 454 804 AEiielsige
469 722 653 806 episcopus
671 723 842 805 impressi.
898 721 942 806 ›1‹
954 721 1032 804 Ego
1047 721 1239 804 Uulsgarus

185 822 369 904 episcopus
387 821 561 904 adquieui.
606 822 650 907 ›1‹
665 822 742 904 Ego
758 821 967 886 AEtteluuine
983 822 1066 887 dux.
1103 822 1147 907 ›1‹
1162 821 1238 904 Ego

186 919 367 1005 Bryhtnoii
382 922 466 986 dux.
523 923 562 1002 ›1‹
586 921 663 1004 Ego
692 920 927 986 AEseluueard
950 921 1034 986 dux.
1090 922 1134 1007 ›1‹
1161 921 1238 1004 Ego

187 1021 311 1086 AElfrie
332 1020 419 1087 dux.
473 1020 517 1105 ›1‹
538 1021 615 1102 Ego
640 1020 761 1087 Dured
783 1020 865 1084 dux.
914 1020 957 1105 *1⁴
974 1020 1051 1103 Ego
1072 1020 1239 1086 Ordbriht

185 1122 304 1188 abbas.
362 1123 401 1203 ›1‹
427 1119 504 1202 Ego
522 1119 612 1184 Sirio
632 1121 749 1185 abbas.
798 1120 841 1205 ›1‹
859 1119 937 1202 Ego
958 1119 1093 1186 Leofric
1117 1122 1237 1189 abbas.

186 1220 230 1305 ›1‹
250 1220 329 1302 Ego
344 1219 476 1285 AElfere
490 1221 608 1284 abbas.
643 1221 686 1305 »Β
701 1219 1023 1303 EgoAE'Seluueard
1038 1221 1157 1285 abbas.
1190 1221 1234 1306 ›1‹

185 1320 262 1402 Ego
296 1319 444 1402 AElfsig'e
476 1320 642 1384 minister.
699 1324 738 1404 ›1‹
770 1320 848 1401 Ego
884 1318 1044 1403 Uulfsige
1070 1321 1235 1386 minister.

187 1419 231 1504 ›1‹
259 1419 338 1501 Ego
362 1419 500 1499 AElfgar
525 1420 691 1484 minister.
741 1421 780 1500 ›1‹
810 1419 886 1501 Ego
916 1419 1095 1500 AEtielsige
1120 1421 1239 1486 minis·

184 1526 247 1583 ter.
307 1521 346 1601 ›1‹
368 1519 445 1601 Ego
469 1518 592 1583 AElfrio
618 1520 785 1584 minister.
841 1518 885 1603 ᾖ
905 1519 981 1600 Ego
1011 1519 1148 1585 Leosric
1172 1522 1236 1585 mi·

184 1619 303 1683 nister.
355 1620 394 1700 ›1‹
427 1618 505 1700 Ego
520 1618 690 1683 AEliheim
713 1619 880 1683 minister.
934 1618 977 1703 ›1‹
997 1619 1073 1701 Ego
1102 1619 1238 1686 Uulfric

183 1719 351 1782 minister.
402 1718 445 1803 *1⁴
463 1718 539 1800 Ego
557 1718 723 1783 Leot'stan
739 1719 907 1783 minister.
965 1720 1004 1800 ›1‹
1027 1720 1236 1802 EgoAEtel·

183 1837 268 1882 maer
285 1817 450 1883 minister.

649 1910 763 1922 —-

481 2030 489 2039 ”
547 2033 882 2101 MCCLXXXIV.

466 2182 730 2261 AEDELRED,
753 2186 859 2249 about
875 2183 953 2251 988.

240 2320 281 2399 ›1‹
310 2316 517 2381 Rncanarn
545 2316 767 2381 aeternaliter
788 2316 963 2382 saluatore
986 2324 1107 2381 nostro
1131 2315 1234 2382 Ihesu

186 2417 347 2482 Christo!
410 2415 553 2480 Cunctis
584 2415 693 2498 liquet
725 2416 920 2481 hominibus
950 2417 1044 2500 quod
1077 2437 1118 2481 ea
1148 2437 1237 2500 quae

186 2517 348 2582 uidentur
368 2515 428 2578 fini
452 2523 533 2585 sunt
554 2516 717 2594 obnoxia,
736 2519 826 2599 qn'ae
849 2525 964 2582 autem
986 2538 1055 2581 non
1079 2517 1239 2582 uidentur

186 2615 491 2682 incommutabilia.
537 2613 761 2698 Quapropter
779 2636 845 2698 ego
862 2617 1080 2695 AEttelredus
1103 2638 1166 2683 rex
1185 2626 1238 2683 to-

186 2719 261 2782 cius
281 2716 415 2780 insulae
438 2714 651 2793 Britanniae,
672 2716 844 2799 quandam
867 2718 956 2782 ruris
977 2719 1181 2801 portionem,
1204 2719 1239 2781 in

186 2816 264 2882 loco
304 2816 364 2880 illo
397 2815 457 2897 qui
488 2815 532 2878 ab
563 2814 685 2879 incolis
720 2816 836 2881 Uuike
871 2824 1103 2902 nuncupatur,
1130 2837 1237 2901 prope

187 2916 349 2981 uidelicet
379 2914 527 2978 insulam
560 2915 602 2978 de
636 2914 816 2993 Portland,
843 2918 978 2982 auidam
1012 2917 1115 2981 michi
1147 2917 1239 2981 fideli

187 3017 346 3081 ministro
362 3015 497 3079 nomine
513 3013 650 3093 Atsere,
664 3016 698 3079 in
716 3023 892 3080 aeternam
909 3019 1162 3102 possessionem
1180 3018 1239 3083 do-

187 3116 281 3193 naui,·
297 3125 336 3180 ut
352 3114 477 3179 habeat
491 3120 526 3179 et
538 3115 715 3198 possideat
729 3116 895 3199 quamdiu
909 3119 1019 3195 uiuat,
1034 3138 1111 3181 cum
1128 3118 1239 3182 omni·

188 3218 254 3281 bus
272 3216 316 3279 ad
334 3234 371 3279 se
389 3216 455 3280 rite
473 3216 724 3296 pertinentibus
740 3214 973 3298 appendiciis3
997 3223 1032 3281 et
1048 3224 1129 3299 post
1145 3218 1240 3284 uitae

188 3335 273 3380 suae
291 3315 473 3380 terminum
485 3315 688 3398 cuicumque
703 3315 851 3380 noluerit
867 3315 904 3378 in
919 3314 1126 3398 perhennem
1139 3316 1238 3382 der'e-

188 3417 324 3499 linquat
346 3414 602 3479 haereditatem.
664 3415 717 3480 Sit
738 3422 855 3479 autem
877 3414 1091 3498 praedictum
1114 3435 1173 3478 rus
1195 3418 1240 3482 ab

190 3516 284 3581 omni
300 3522 455 3579 terrenae
472 3515 651 3579 seruitutis
669 3516 752 3597 iugo
769 3515 927 3593 liberum,
945 3515 1100 3596 exceptis
1116 3515 1240 3592 tribus,

191 3615 420 3699 expeditione,
435 3615 550 3697 pontis
567 3615 702 3679 arcisue
718 3617 983 3680 constructione.
1028 3613 1065 3678 Si
1083 3615 1160 3697 quis
1174 3615 1241 3698 igi-

193 3724 249 3781 tur
263 3715 353 3779 hanc
368 3722 521 3778 nostram
537 3714 755 3779 donationem
777 3714 813 3778 in
834 3715 928 3779 aliud
945 3735 1048 3798 quam
1064 3715 1242 3779 constitui·

192 3819 269 3880 m'us
293 3813 493 3891 transferre,
509 3815 565 3877 uel
588 3815 631 3878 de
648 3833 690 3879 aa
709 3814 840 3898 aliquid
861 3815 1015 3880 minuere
1040 3830 1241 3898 praesump-

192 3917 287 3994 serit,
311 3923 472 3979 aeternae
492 3914 726 3977 maledictioni
753 3915 944 3990 subiaceat,
962 3923 997 3979 et
1014 3913 1240 3981 infernalibus

193 4015 358 4081 incendiis
376 4034 451 4077 cum
472 4012 562 4078 Iuda
579 4012 708 4077 Christi
724 4014 898 4096 proditore
918 4014 1047 4096 iugiter
1067 4014 1243 4097 puniatur,

194 4117 258 4180 nisi
285 4113 522 4179 satisfactione
544 4112 717 4192 condigna
742 4113 977 4179 emendauerit
1001 4114 1093 4197 quod
1122 4121 1244 4179 contra
