2850 4876
183 350 205 415 6
440 363 612 412 cnnnrsu
638 362 982 413 suouossxomcsu.

185 524 241 587 cui
256 523 425 587 aecclesia
439 527 527 599 tota,
545 521 707 587 uidelicet
721 520 901 598 catholica,
919 537 1072 584 consona
1084 538 1172 583 uoce
1186 518 1239 583 al-

185 624 350 688 tiboando
364 623 570 707 proclamat,
585 623 714 687 ‘Beata
729 642 766 686 es
784 623 882 703 uirgo
897 620 1012 684 Maria
1023 639 1113 702 quae
1124 618 1237 683 credi-

185 723 284 805 disti3
310 724 532 806 perficientur
549 723 630 788 inte
644 742 734 805 quae
750 723 938 787 dictasunt
956 720 1020 784 tibi
1037 739 1059 784 a
1073 718 1239 784 domino?

187 824 317 888 Mirum
333 825 448 889 dictu!
477 824 677 888 incarnatur
694 822 835 887 uerbum
854 828 890 884 et
904 821 1157 904 incorporatur,
1169 820 1238 884 sci·

186 923 268 988 licet
280 924 378 1002 illud,
393 925 435 988 de
451 943 520 1004 quo
534 922 775 1005 euuangelista
784 921 1041 1004 supereminens
1058 921 1240 985 uniuerso

187 1043 262 1088 rum
304 1024 485 1090 altitudine
517 1020 677 1088 sensnum
705 1024 828 1106 inquit,
859 1020 925 1085 ‘In
957 1021 1125 1105 principio
1164 1027 1242 1085 erat

187 1125 342 1203 uerbum,
374 1131 410 1189 et
441 1126 584 1189 uerbum
615 1130 691 1188 erat
717 1122 811 1206 apud
842 1122 957 1199 deum,
985 1128 1021 1185 et
1051 1121 1137 1194 deus
1163 1128 1242 1185 erat

189 1225 354 1302 uerbum,’
378 1231 414 1289 et
439 1224 583 1307 reliqua.
636 1222 728 1302 Qua,
750 1223 923 1300 uidelicet,
938 1227 1076 1304 sumpta
1100 1220 1142 1285 de
1168 1221 1240 1285 uir·

189 1325 268 1404 gine
293 1326 540 1403 incarnatione,
563 1323 726 1406 autiquae
749 1323 894 1404 uirginis
921 1321 1054 1386 lacinus
1080 1321 1242 1399 demitur,

189 1431 225 1488 et
253 1425 385 1488 cunctis
415 1424 616 1489 mulieribus
643 1422 761 1488 nitidis
790 1423 993 1505 praecluens
1026 1422 1242 1486 taumatibus

189 1523 294 1587 decus
319 1525 503 1606 irrogatur.
566 1523 706 1589 Intacta
721 1523 829 1605 igitur
844 1522 1022 1610 redolente
1039 1520 1169 1585 christi
1188 1520 1241 1584 di-

189 1624 348 1702 uinitate,
369 1643 541 1707 passaque
557 1624 666 1707 ipsius
692 1622 920 1699 humanitate,
936 1622 1078 1685 libertas
1095 1620 1244 1685 addictis

189 1723 376 1789 clementer
397 1725 545 1805 contigit
569 1723 727 1788 seruulis.
779 1723 874 1787 Hinc
896 1742 962 1803 ego
986 1721 1137 1802 Eadga'r,
1164 1721 1243 1789 alti·

190 1824 315 1889 throno
338 1824 631 1902 amminiculante,
646 1822 839 1905 Anglorum
858 1829 1140 1903 caeterarumque
1158 1840 1244 1902 geue

190 1927 275 1989 tium
298 1926 334 1989 in
356 1924 502 1989 circuitu
529 1924 697 1989 triniatim
728 1924 985 2007 persistentium
1013 1922 1178 2001 basileus,
1202 1928 1244 1987 ut

190 2024 291 2091 huius
316 2026 485 2091 libertatis
508 2024 687 2090 altithroni
709 2023 934 2089 moderatoris
961 2022 1145 2087 clementia
1169 2041 1243 2086 me·

191 2126 449 2191 rear-obtinere
476 2125 699 2201 consortium,
725 2144 807 2189 rura
832 2144 921 2207 quae
946 2123 1028 2187 olim
1055 2142 1076 2187 a
1101 2122 1244 2204 praede·

190 2228 384 2291 cessoribus
405 2227 533 2290 nostris
560 2225 689 2306 largita
711 2234 805 2302 sunt,
828 2224 957 2288 iniuste
983 2223 1027 2287 ab
1045 2221 1245 2287 infidelibus

191 2327 364 2406 quondam
383 2329 569 2403 abstracta,
595 2327 632 2389 in
658 2323 808 2407 Gaeging
832 2324 993 2388 uidelicet
1016 2339 1067 2387 .x.
1090 2341 1243 2400 mansas,

190 2425 226 2487 iu
244 2424 349 2489 Gosie
367 2418 440 2490 mv.
467 2427 502 2488 in
516 2422 664 2489 Weorbe
679 2440 789 2488 ‚xxm
817 2424 853 2486 in
868 2423 1081 2488 Earmundes
1101 2422 1179 2487 leah
1197 2439 1243 2487 .ν.

191 2521 461 2590 Abbandunensi
503 2523 691 2588 aecclesiae
725 2525 912 2588 restituens
949 2522 1087 2587 domiuo
1123 2531 1244 2588 nostro

191 2608 334 2705 eiusque
358 2624 513 2705 genitrici
530 2624 676 2701 Mariae,
700 2623 745 2687 ad
769 2643 869 2689 usum
891 2623 1136 2693 monachorum
1156 2624 1244 2688 inibi

191 2724 389 2805 degentium
420 2730 560 2788 aeterna
588 2725 735 2806 largitus
762 2744 838 2788 sum
865 2723 1087 2788 haereditate.
1151 2722 1243 2788 Gra-

192 2825 280 2887 tuita
295 2823 412 2888 itidem
438 2823 564 2887 domini
590 2825 703 2905 gratia
724 2824 919 2901 instinctus,
941 2823 1118 2887 monacbis
1140 2843 1242 2905 prae-

191 2923 262 2988 lato
289 2921 562 2987 Abbanduuensi
591 2923 796 3006 regulariter
817 2924 1032 3005 degentibus,
1061 2925 1244 2988 monastici

191 3030 365 3088 aeternam
391 3023 564 3105 priuilegii
589 3031 629 3087 ut
650 3023 932 3106 praedecessores
960 3025 1068 3088 nostri
1090 3025 1242 3088 concedo

191 3123 396 3199 libertatem,
412 3130 584 3204 quatenus
600 3132 681 3206 post
700 3124 877 3189 decessum
899 3122 1120 3188 AEbeluuoldi
1133 3125 1244 3189 abba-.

191 3224 236 3287 tis
257 3223 420 3304 aegregii,
449 3223 547 3288 cuius
572 3225 782 3307 temporibus
809 3225 895 3289 haec
916 3223 1085 3288 libertatis
1107 3231 1243 3290 restau-

191 3324 291 3400 ratio,
306 3323 445 3387 Christo
462 3324 686 3406 suffragante,
699 3344 864 3389 concessa
880 3332 945 3401 est,
961 3344 1063 3406 quem
1083 3325 1148 3389 sibi
1163 3327 1243 3390 uni·

192 3444 292 3488 uersa
316 3423 462 3506 praefati
483 3425 638 3488 coenobii
660 3425 882 3506 congregatio
903 3431 985 3505 apto
1000 3424 1143 3505 elegerit
1158 3445 1242 3490 con·

190 3525 279 3601 silio,
310 3523 497 3588 secundum
526 3524 701 3605 regularia
735 3525 828 3588 beati
861 3524 1041 3588 Benedicti
1069 3525 1241 3604 instituta,

190 3625 350 3689 abbatem
372 3625 463 3687 iuste
486 3641 530 3686 ex
553 3622 673 3687 eodem
698 3623 843 3687 fratrum
870 3643 978 3688 cuneo
1001 3625 1132 3707 eligens
1160 3645 1243 3690 oon·

190 3724 324 3787 stituat.
377 3723 494 3786 Huius
522 3723 695 3804 priuilegii
717 3722 859 3787 libertas
885 3724 1046 3806 deinceps
1069 3744 1135 3788 usu
1163 3745 1242 3808 perq

190 3829 293 3903 petuo
322 3841 344 3884 a
366 3822 500 3886 cunctis
522 3829 682 3886 teneatur
703 3823 895 3901 catholicis,
912 3845 975 3888 neo
998 3831 1241 3890 extraneorum

190 3922 374 4003 quispiam,
404 3922 579 4005 tyrranica
611 3924 719 3988 fretus
751 3925 977 4002 contumacia,
1003 3925 1039 3988 in
1063 3926 1241 4007 praedicto

189 4022 398 4085 monasterio
416 4023 470 4086 ius
485 4023 652 4104 arripiens
677 4031 837 4088 exerceat
862 4025 1055 4106 potestatis
1073 4026 1134 4089 sed
1149 4028 1241 4091 eius

189 4121 266 4184 dem
289 4123 445 4186 coenobii
463 4123 646 4206 collegium
670 4132 868 4207 perpetuae,
892 4130 930 4187 ut
953 4124 1122 4206 praedixi,
1137 4126 1240 4203 lilior-
