2850 4876
379 333 552 383 orrrurar
574 332 919 388 nsanosaxoruenu.
1131 324 1173 386 lo

127 493 201 573 quia
232 491 421 575 supradicti
452 489 582 555 domini
607 491 760 572 Eadgari
791 493 883 574 regis
915 494 1038 576 petitio
1073 496 1172 560 nobis

125 592 218 674 quasi
236 591 344 657 iussio
360 599 425 669 est,
441 591 497 655 cui
511 589 746 655 difficillimum
760 602 814 658 est
827 595 954 672 resisti,
966 615 1026 659 seu
1042 615 1105 677 pro
1121 617 1173 659 re-

122 694 278 757 uerentia
300 692 388 757 tanti
404 690 565 774 apostoli,
588 692 687 756 cuius
710 695 903 775 patrocinio
926 713 965 758 se
986 695 1061 776 ipse
1078 716 1173 760 com·

123 793 226 870 misit,
241 813 302 857 seu
323 800 363 856 ut
380 793 466 874 ipsis
486 791 664 856 monachis
687 794 875 858 secundum
898 802 1058 859 sanctum
1079 796 1172 860 ordi·

123 912 198 956 nem
217 893 335 957 uiuere
352 893 457 957 liceat
471 898 507 956 et
521 899 561 955 ut
578 898 650 955 tarn
666 912 729 974 pro
744 895 844 959 nobis
861 913 965 977 quarn
984 914 1047 976 pro
1065 897 1172 959 omni-

122 993 185 1065 bus
194 994 385 1057 aecclesiae
400 1000 540 1056 nostrae
555 991 720 1058 fratribus
735 995 837 1058 deum
855 1002 967 1071 orent,
984 995 1048 1058 hoc
1065 996 1172 1077 priui-

123 1091 251 1176 legium
280 1094 385 1176 plena
414 1093 596 1158 uoluntate
628 1111 699 1156 una
728 1114 807 1158 cnm
835 1113 1004 1159 consensu
1028 1095 1174 1160 fratrum

125 1212 277 1259 meorum
292 1194 378 1277 ipsis
392 1193 559 1269 concessi,
574 1212 636 1274 per
650 1194 742 1274 quod
758 1195 905 1258 decerno
921 1202 1027 1277 atque
1043 1197 1087 1259 ob
1104 1204 1173 1260 tes·

123 1294 312 1359 tilicatione
333 1293 443 1357 diuini
464 1293 614 1357 nominis
635 1293 816 1371 interdico,
840 1303 881 1359 ut
903 1315 967 1359 nec
990 1316 1055 1376 ego
1078 1296 1173 1360 dein-

124 1412 202 1478 ceps
220 1414 285 1468 nec
300 1395 392 1459 ullus
404 1412 642 1458 successorum
658 1413 811 1459 meorum
827 1396 1065 1477 cpiscoporum
1084 1395 1175 1460 Lon-

125 1493 245 1561 doniae
267 1495 332 1559 hoc
353 1494 481 1559 audeat
499 1492 687 1574 infringere
710 1495 766 1558 uel
790 1496 973 1559 temerario
999 1515 1087 1558 ausu
1111 1496 1173 1559 ali·
1266 1575 1275 1588 ·

125 1604 297 1677 quatenus
327 1595 472 1671 uiolare,
504 1594 666 1658 uidelicet
695 1601 734 1658 ut
760 1596 872 1658 omnis
906 1597 1086 1678 presbyter
1118 1597 1174 1661 uel

123 1696 270 1761 clericus
287 1714 332 1761 ex
349 1695 418 1763 hiis
434 1694 502 1777 qni.
515 1694 551 1757 in
567 1694 644 1775 ipso
662 1695 843 1775 procinctu
860 1695 1048 1759 beatissimi
1065 1696 1175 1774 Petri,

119 1806 153 1869 et
168 1815 294 1861 omnes
311 1795 362 1859 illi
380 1795 440 1877 qui
464 1794 500 1857 iu
522 1794 782 1877 circumscripto
805 1795 936 1876 spacio,
953 1796 1044 1859 sicut
1060 1797 1174 1877 desig-

115 1903 209 1963 nant
231 1914 351 1961 cruces
373 1895 430 1958 uel
452 1893 583 1959 fossata
607 1894 664 1959 uel
691 1894 761 1958 alia
786 1896 897 1976 signa,
916 1895 967 1958 illi
984 1895 1174 1960 aecclesiae

109 1997 295 2073 seruiunt,
309 1996 379 2059 sint
397 1994 498 2065 liberi
520 2001 555 2061 et
577 1993 729 2059 absoluti
744 1996 788 2059 ab
806 1997 900 2059 omni
916 1994 1031 2059 debito
1046 2003 1081 2059 et
1098 1997 1175 2058 red-

108 2097 258 2173 ditione
272 2091 510 2161 circadarum¹
528 2099 565 2159 et
579 2094 801 2177 synodorum.
854 2095 988 2158 Tamen
1005 2095 1177 2172 uolumus,

101 2205 156 2263 et
180 2216 247 2280 pro
264 2215 381 2259 amore
402 2194 460 2258 uel
475 2194 670 2258 reuerentia
691 2195 804 2258 sancti
828 2194 924 2258 Petri
946 2195 1177 2273 concedimus,

100 2306 162 2364 ut
192 2316 240 2361 ex
268 2304 387 2360 nostro
413 2295 470 2365 uel
493 2312 729 2358 successorum
753 2302 949 2359 nostrorum
975 2296 1179 2378 episcopatu

96 2400 203 2467 Sine
224 2396 341 2479 precio
363 2395 489 2459 crisma
512 2401 548 2457 et
570 2395 683 2479 oleum
711 2395 894 2476 accipiant.
949 2394 1178 2459 Concedimus

94 2499 237 2564 etiam
249 2496 300 2560 illi
311 2496 387 2560 loco
399 2494 603 2559 cimiterium
618 2494 773 2570 liberum,
789 2495 879 2559 sicut
895 2503 928 2559 et
945 2496 1118 2576 aregibus
1136 2497 1180 2560 ab

93 2597 283 2679 antiquis
299 2594 509 2678 temporibus
525 2613 724 2661 concessum
736 2593 860 2672 fuerat,
872 2595 923 2658 ita
933 2602 971 2658 ut
983 2596 1180 2679 quicunque

93 2699 169 2763 de
186 2715 394 2781 quocunque
409 2694 485 2759 loco
499 2694 555 2757 uel
567 2693 813 2776 cuiuscumque
825 2695 1030 2760 conditionis
1044 2698 1182 2778 petierit

89 2815 163 2867 Se
181 2799 232 2864 ibi
253 2795 390 2879 sepeliri
408 2814 477 2858 uon
499 2793 707 2876 impediatur
728 2794 784 2859 uel
807 2795 1042 2876 prohibeatur,
1058 2795 1115 2859 uel
1137 2799 1181 2860 ab

103 2902 296 2985 episcopo
324 2896 381 2960 uel
411 2895 455 2963 ab
481 2893 725 2959 archidiacono
754 2894 810 2958 uel
839 2913 861 2958 a
886 2895 1097 2976 parochiano
1121 2915 1184 2960 suo

114 3002 348 3085 presbytero.
399 2994 494 3059 Etsi
514 2995 592 3076 quis
613 3013 731 3058 eorum
748 2997 927 3078 presbyter
948 2996 1004 3058 uel
1025 2996 1184 3073 clericus,

111 3101 232 3176 forta
260 3102 322 3165 out
344 3095 490 3171 occisus,
515 3093 607 3175 quod
632 3094 734 3170 absit,
758 3101 820 3160 aut
842 3094 1046 3158 uulneratus
1069 3095 1184 3172 suerit,

118 3207 195 3266 aut
212 3218 259 3263 ox
275 3198 325 3261 eis
337 3193 495 3259 omnibus
508 3193 653 3259 alicuius
667 3194 813 3257 iniuriae
825 3194 1030 3259 acclamatio
1044 3215 1184 3258 surrex-

124 3301 212 3378 erit,
227 3294 391 3382 quicquid
407 3313 453 3358 ex
469 3293 536 3357 hiis
554 3293 712 3357 omnibus
728 3292 772 3359 ad
792 3312 855 3357 nos
873 3294 1018 3357 attinere
1035 3294 1184 3369 uidetur,

129 3400 337 3473 beatotum
360 3386 479 3459 abbati
504 3393 563 3474 qui
588 3393 623 3457 in
648 3393 726 3475 ipso
751 3399 874 3457 sancto
900 3393 977 3457 loco
999 3393 1187 3475 praefuerit

132 3498 349 3579 caeterisque
370 3493 536 3559 iratribus
559 3492 755 3556 habendum
775 3501 811 3556 et
831 3492 1084 3573 disponendum
1103 3513 1185 3556 con-

137 3600 302 3667 cedimus.
354 3594 392 3658 Si
407 3601 535 3670 autem,
550 3592 643 3675 quod
654 3593 757 3669 absit,
771 3592 876 3656 etiam
892 3592 934 3656 de
952 3595 1053 3656 rebus
1068 3611 1184 3656 eorum

139 3699 267 3771 furtum
293 3695 397 3759 iirerit
420 3693 562 3768 factum,
590 3701 625 3756 et
652 3693 771 3756 abbati
798 3693 854 3755 nel
881 3692 1046 3755 fratribus
1073 3693 1186 3756 uisum

140 3800 242 3869 suerit
265 3805 305 3861 ut
325 3791 538 3859 examinatio
561 3811 606 3856 ex
627 3791 691 3856 hoc
715 3791 840 3856 debeat
857 3792 995 3872 agitari,
1013 3792 1189 3856 habebunt

142 3898 312 3965 licentiam
338 3893 529 3976 accipiendi
556 3913 578 3957 a
602 3899 721 3957 nostro
746 3891 949 3974 episcopatu
971 3892 1187 3956 benedictum

144 3998 280 4073 terrum,
301 3994 359 4059 uel
381 3995 417 4059 si.
434 4012 504 4075 qua
530 3992 600 4061 alia
621 3991 693 4057 sint
710 3991 939 4056 instrumenta
954 3999 1017 4056 aut
1032 3992 1191 4056 benedic·

594 4115 603 4149 ¹
621 4119 666 4168 Sic
682 4118 740 4171 ΜΒ.
