2850 4876
184 378 248 444 134
442 399 613 447 cunnrnn
640 398 984 448 suonosnxomcan.

189 542 356 619 Eidwold
380 556 446 620 and
465 557 518 621 his
541 565 708 623 sweoster
729 558 815 640 hyre
838 564 956 621 teman
980 554 1060 619 hors
1083 538 1243 635 gemffiue

190 701 331 722 ......
352 657 438 720 ehis
454 645 567 740 agene
582 649 730 722 tdforan.

605 953 817 1021 Mccxcl.
927 982 930 987 ⁴

538 1103 803 1183 AEDELRED,
825 1102 902 1168 996.

249 1255 288 1334 ›1‹
309 1250 478 1319 Amnum
496 1253 732 1336 gubernacula
746 1252 881 1336 imperii
895 1250 1095 1316 moderante
1112 1250 1149 1314 in
1166 1269 1246 1333 pcr-

195 1358 336 1435 petuum
368 1353 506 1420 domino
536 1361 571 1419 et
602 1355 778 1419 saluatore
805 1359 924 1417 nostro
948 1351 1055 1416 Ibesu
1084 1349 1246 1414 Christo!

197 1451 408 1517 Certissimis
435 1455 645 1538 pupillarum
667 1455 847 1538 optutibus
868 1450 1109 1535 quadripertiti
1124 1448 1246 1514 muudi

197 1551 322 1616 cotidie
338 1554 449 1634 magis
465 1575 506 1618 ac
521 1555 633 1636 magis
648 1555 823 1618 imminere
838 1552 988 1639 cernitur
1001 1567 1163 1627 occasus3
1186 1550 1246 1633 qui

198 1652 357 1734 quamuis
369 1654 738 1719 crescendodecrescat
747 1662 782 1718 et
793 1650 1049 1735 augmentando
1058 1650 1247 1728 minuatur,

199 1751 357 1817 fidelibus
387 1760 502 1817 tamen
528 1755 695 1819 diuinitus
726 1760 779 1818 est
802 1771 1015 1829 concessum,
1044 1757 1084 1815 ut
1116 1769 1248 1833 nequa.-

200 1871 303 1934 quam
321 1853 387 1917 toti
403 1874 480 1918 cum
496 1854 676 1921 deficiente
692 1854 864 1930 deficiant,
887 1853 947 1917 scd
969 1872 1030 1936 per
1052 1849 1247 1915 umbratilis

201 1953 415 2018 substantiae
437 1955 692 2020 mercimonium
715 1960 971 2037 permanentem
996 1951 1061 2016 sibi
1078 1950 1248 2015 thesaun‘-

202 2061 281 2117 zent
308 2054 344 2117 in
370 2055 475 2118 coelis
501 2055 712 2132 thesaurum,
738 2075 819 2138 quo,
848 2052 950 2121 iuxta
973 2051 1060 2116 illud
1082 2048 1247 2115 dominici

202 2154 373 2235 promissi,
388 2155 478 2219 ‘Fur
496 2174 566 2218 non
586 2155 780 2238 appropiat,
798 2173 910 2237 neque
927 2153 1021 2218 tinea
1037 2149 1253 2234 corrumpit-⁹·

204 2251 438 2336 Quapropter,
465 2256 605 2337 superni
631 2256 758 2320 amoris
784 2252 936 2337 igniculo
961 2268 1158 2330 succensus,
1184 2269 1250 2332 ego

205 2351 378 2430 AEdelred,
392 2355 572 2419 altithroni
590 2356 729 2420 fauente
752 2356 867 2438 gratia
886 2353 1038 2418 basileus
1054 2350 1249 2434 Anglorum

204 2459 486 2537 caeterarumque
524 2455 679 2537 gentium
718 2456 754 2519 in
796 2454 943 2520 circuitu
982 2451 1249 2536 persistentium,

205 2559 346 2616 sanctae
368 2553 423 2617 dei
445 2554 645 2632 aecclesiae,
661 2554 836 2621 Wentana
853 2555 995 2619 ciuitate
1016 2555 1120 2618 beato
1143 2550 1250 2616 Petro

206 2652 441 2734 apostolorum
457 2655 604 2737 principi
619 2655 760 2738 eiusque
776 2655 979 2738 coapostolo
997 2653 1123 2732 Paulo,
1137 2653 1183 2716 ob
1197 2670 1252 2716 re-

207 2752 377 2818 uerendae
408 2755 572 2819 trinitatis
604 2754 779 2832 honorem,
814 2761 1047 2832 consecratae,
1077 2751 1251 2836 AElphago

206 2852 359 2916 eiusdem
377 2855 468 2918 sedis
487 2855 642 2918 antistite
655 2855 872 2938 impetrante,
885 2875 949 2938 pro
964 2873 1117 2920 meorum
1131 2853 1252 2937 expia·

207 2952 300 3016 tione
315 2954 543 3035 piaculorum,
557 2955 691 3038 meique
707 2962 802 3020 statu
816 2956 966 3039 imperii;
982 2953 1156 3038 quandam
1172 2953 1252 3019 hos·

208 3051 288 3132 picii
302 3053 495 3135 portionem
510 3055 546 3118 in
563 3055 720 3138 praefata
736 3056 880 3122 ciuitate
894 3054 1010 3134 sitam,
1026 3073 1116 3138 quae
1138 3052 1253 3136 patria

209 3151 330 3232 lingua
351 3152 443 3236 haga
463 3155 553 3221 solet
572 3155 752 3240 appellari,
768 3154 822 3220 uti
839 3155 964 3220 nobilis
985 3161 1145 3219 matrona
1160 3151 1256 3217 AEli··

209 3259 319 3336 swy’t,
331 3253 396 3318 deo
408 3256 635 3338 omnipotenti
648 3257 790 3338 eiusque
804 3255 1074 3340 praenominatis
1087 3250 1254 3337 apostolis

210 3351 439 3419 haereditario
466 3356 540 3421 iure
568 3364 799 3432 concesserat;
832 3356 992 3439 quamuis
1019 3361 1100 3439 post
1123 3353 1254 3419 obitum

209 3452 318 3535 ipsius
340 3454 460 3518 eadem
478 3457 649 3538 possessio
663 3456 771 3520 ueluti
795 3456 885 3521 solet
906 3475 927 3521 a
949 3454 1156 3539 quibusdam
1177 3446 1260 3536 per'·'

211 3555 305 3618 sonis
319 3552 446 3617 iniuste
463 3574 624 3636 possessa
641 3555 756 3632 fuerit,
770 3557 881 3621 libens
897 3556 941 3621 ad
958 3575 1044 3620 usus
1059 3555 1204 3619 fratrum
1219 3553 1255 3616 in

211 3653 368 3735 praefato
381 3653 500 3717 Ueteri
515 3655 679 3719 coenobio
695 3655 833 3721 Christo
844 3657 1084 3721 famulantium
1096 3661 1260 3719 aeterna·

211 3752 291 3817 liter
313 3752 556 3835 possidendam
573 3755 787 3820 restituendo
808 3757 960 3821 concedo
983 3762 1019 3820 et
1040 3753 1257 3821 concedendo

212 3853 374 3928 restitu03
398 3873 530 3918 necnon
546 3861 582 3919 et
596 3855 774 3919 dimidium
784 3856 961 3920 cuiusdam
974 3856 1113 3939 piscarii
1127 3853 1255 3919 uadum

212 3951 256 4012 ad
272 3961 452 4034 capturam
465 3954 611 4037 piscium
625 3963 672 4020 aet
683 3956 808 4038 Braege
822 3956 1072 4033 decurrentem,
1083 3955 1128 4020 ad
1144 3953 1258 4020 Uetus

213 4049 344 4115 scilicet
368 4055 609 4119 monasterium
634 4058 873 4139 pertinentem,
899 4077 978 4121 cum
1000 4055 1103 4119 unius
1128 4052 1258 4136 ingeris

212 4148 277 4211 sibi
306 4151 495 4218 adiacentis
521 4156 691 4238 portione,
720 4164 887 4241 perpetuo
917 4157 991 4222 iure
1015 4153 1257 4239 possidendum
