2850 4876
182 329 227 395 66
445 344 620 393 cnnnrnn
641 342 988 392 Anonosnxoruonn.

185 510 256 570 no’d
269 504 354 569 dux.
404 504 444 585 ›1‹
467 503 545 585 Ego
562 501 750 586 Byrhtferd
765 501 933 566 minister.
990 501 1029 582 »1⁴
1051 498 1128 581 Ego
1145 497 1237 561 AEls·

185 606 290 668 uuine
305 603 472 666 minister.
523 606 562 684 ›1‹
585 603 662 684 Ego
677 602 857 683 AEltelsige
874 599 1043 664 minister.
1098 599 1137 680 »1⁴
1159 597 1238 679 Ego

187 701 369 768 Uulfhelm
389 703 555 766 minister.
613 704 652 785 »1⁴
673 702 749 784 Ego
766 700 946 765 AElfuuold
969 688 1134 764 minister.
1192 696 1233 778 ›1‹

187 804 264 884 Ego
288 802 453 868 Uulfstan
476 803 645 866 minister.
710 805 749 884 *1⁴
782 803 860 883 Ego
889 797 1039 881 AElssige
1070 797 1238 862 minister.

192 906 232 987 ›1‹
252 904 329 986 Ego
346 901 496 967 Ealdred
513 903 679 968 minister.
730 903 770 984 ›1‹
792 902 869 984 Ego
884 899 1010 965 AElfric
1025 897 1194 962 minister.

638 1198 785 1265 uoci..

549 1311 772 1428 niueis,
793 1349 871 1415 oea.

244 1504 283 1582 ›1‹
303 1500 548 1565 Anrrrnnouo
561 1499 598 1562 in
612 1507 790 1564 aeternnm
812 1498 1001 1582 regnante!
1055 1495 1240 1561 Uniuersis

188 1600 330 1682 sophiae
356 1601 507 1663 studium
532 1599 667 1663 intento
692 1600 816 1664 mentis
845 1597 1024 1663 conamine
1049 1595 1170 1661 sedulo
1193 1595 1241 1659 ri-

189 1701 365 1765 mantibus
389 1700 520 1781 liquido
536 1699 697 1781 patescit,
720 1699 812 1782 quod
835 1698 937 1763 huius
959 1698 1054 1762 uitae
1076 1695 1240 1778 periculis

190 1801 296 1863 nimio
322 1799 561 1881 ingruentibus
590 1807 731 1876 terrore,
761 1799 905 1864 recidiui
934 1797 1102 1862 terminus
1131 1796 1241 1860 cosmi

83 1954 86 1958 ,
190 1899 469 1982 appropinquare
483 1899 694 1979 dinoscitur;
717 1906 757 1963 ut
771 1899 924 1964 ueridica
939 1896 1070 1962 Christi
1085 1894 1241 1979 promul-

191 2006 253 2080 gat
269 2000 452 2075 sententia,
469 2018 539 2082 qua
556 1999 651 2076 dicit,
674 1999 827 2082 ‘Surget
844 2019 930 2081 gens
947 2003 1069 2062 contra
1085 2003 1240 2079 gentem,

191 2105 227 2163 et
242 2119 387 2180 regnum
402 2099 569 2164 aduersus
584 2095 751 2181 regnum]
770 2100 964 2181 etreliqua.
1003 2096 1240 2177 Quamobrem

191 2218 257 2281 ego
280 2186 422 2281 Eadgar
446 2198 553 2264 totius
573 2199 777 2264 Britanniae
796 2200 960 2273 basileus,
980 2197 1156 2281 quandam
1172 2196 1241 2260 tel·

190 2300 275 2362 luris
302 2299 509 2382 particulam
535 2315 676 2363 .xx11n.
702 2299 865 2365 uidelicet
889 2305 1056 2374 cassatos,
1077 2297 1156 2361 loco
1179 2296 1242 2378 qni

191 2399 317 2464 celebri
334 2407 381 2463 aet
401 2398 655 2480 Wasingatune
672 2406 892 2482 nuncupatur
908 2404 1080 2474 onomate,
1102 2397 1240 2462 cuidam

191 2499 343 2581 praesuli
361 2499 421 2579 qui
438 2498 482 2561 ab
504 2498 646 2562 huiusce
668 2500 802 2580 patriae
824 2499 992 2582 gnosticis
1014 2504 1098 2562 noto
1114 2497 1240 2561 AEtiel-

192 2598 298 2662 uuold
310 2605 531 2680 nuncupatur
543 2599 728 2677 uocabulo,
741 2601 786 2665 ob
801 2607 978 2664 aeternam
989 2598 1126 2662 animae
1140 2616 1240 2663 meae

190 2697 514 2775 remunerationem,
539 2706 708 2781 perpetua
734 2700 881 2782 largitus
903 2719 978 2764 snm
1003 2697 1240 2777 haereditate3

192 2804 243 2874 ut,
266 2798 340 2862 uita
360 2798 497 2876 comite,
514 2799 588 2864 uoti
602 2819 743 2882 compos
769 2799 958 2883 possideat,
980 2806 1016 2863 et
1040 2804 1121 2880 post
1143 2796 1240 2862 uitae

192 2915 275 2960 suae
294 2897 476 2963 terminum
491 2900 765 2982 quibuscumque
784 2899 935 2965 uoluerit
951 2897 1156 2964 cleronomis
1172 2896 1239 2961 im·

190 3016 329 3061 munem
344 2996 572 3081 derelinquat.
624 3000 677 3065 Sit
692 3007 806 3064 autem
826 3001 1040 3083 praedictum
1061 3017 1122 3062 rus
1143 2997 1239 3062 omni

191 3107 349 3161 terrenae
372 3098 550 3164 seruitutis
569 3099 653 3182 iugo
668 3099 827 3178 liberum,
843 3100 954 3164 tribus
973 3098 1143 3181 exceptis,
1160 3104 1240 3163 rata

191 3196 354 3262 uidelicet
390 3198 621 3280 expeditione,
653 3201 770 3282 pontis
807 3201 940 3265 arcisue
972 3197 1239 3264 restauratione.

192 3296 230 3361 Si
248 3296 325 3380 quis
341 3297 450 3378 igitur
464 3298 554 3363 hanc
568 3306 722 3365 nostram
737 3301 957 3365 donationem
971 3300 1008 3363 in
1024 3297 1118 3363 aliud
1134 3318 1239 3381 quam

64 3436 66 3439 -
192 3397 434 3462 constituimus
456 3400 643 3464 transferre
665 3400 827 3477 noluerit,
849 3400 1006 3483 priuatus
1024 3419 1046 3464 a
1063 3399 1239 3464 consortio

192 3507 335 3563 sanctae
352 3498 408 3562 dei
428 3499 628 3575 aecclesiae,
648 3500 797 3563 aeternis
819 3499 974 3564 barathri
993 3498 1161 3564 incendiis
1183 3498 1238 3562 lu-

192 3597 311 3676 gubris
346 3597 472 3678 iugiter
499 3617 578 3663 cnm
611 3598 702 3663 Iuda
732 3598 861 3665 Christi
891 3600 1065 3681 proditore
1095 3599 1240 3682 eiusque

190 3696 413 3778 complicibus
431 3699 606 3778 puniatur,
621 3699 651 3762 si
668 3718 738 3764 non
751 3700 987 3765 satisfactione
1004 3698 1240 3764 emendauerit

191 3813 356 3874 congrua,
372 3796 463 3877 quod
480 3804 601 3862 contra
614 3805 769 3863 nostrum
785 3801 928 3883 deliquit
944 3800 1127 3865 decretum.
1168 3797 1237 3862 His

190 3893 293 3955 metis
317 3896 509 3974 praefatum
532 3916 591 3962 rus
608 3898 688 3963 hinc
704 3899 782 3964 inde
797 3907 953 3984 gyratur.
1007 3899 1068 3962 Dis
1090 3898 1168 3962 sind
1189 3903 1238 3964 'da

191 3983 425 4071 landgemffera
449 3987 488 4061 to
517 3990 786 4082 Wasingatfina.
837 4000 959 4064 AErest
982 3998 1023 4064 of
1051 3998 1237 4081 Horninga

191 4088 277 4155 dene
294 4080 332 4153 tf>
348 4092 661 4179 Bennanbeorges3
686 4104 757 4164 tton
775 4120 820 4163 on
837 4100 959 4164 ealdan
976 4099 1098 4165 cristes
1117 4098 1237 4179 maele3
