2850 4876
383 344 556 394 cataras
577 344 925 394 anouosnronrcln.
1145 330 1188 394 19

143 516 236 581 quam
251 499 428 565 sinistrum
444 501 571 566 audere
586 502 867 585 praesumpserit,
879 502 981 566 uiuus
995 502 1038 566 ad
1056 503 1185 568 inferos

140 608 253 683 raptus
267 602 359 666 inter
373 603 489 667 omnia
504 610 672 685 perpetua
687 604 779 666 mala
794 602 829 666 in
847 610 1049 686 perpetuum
1065 604 1184 687 damp

137 706 243 766 netur.

175 799 279 866 Anno
301 802 346 866 ab
367 801 604 867 incarnatione
629 803 757 866 domini
789 807 1099 869 .ncccc⁰¹⁰.n'¹¹⁰1x⁰⁰.
1122 804 1183 867 inr-

133 902 216 982 parii
231 908 349 967 autem
371 902 513 984 gloriosi
533 903 625 985 regis
643 903 794 985 Eadgari
812 920 892 970 .1111.
908 923 973 985 ego
989 891 1181 968 Ealdredus

132 1002 240 1066 abbas
262 1002 352 1066 hanc
376 1002 550 1066 scedulam
580 1004 715 1086 scripsi,
742 1003 910 1068 kalendas
935 1002 1080 1086 Aprilis,
1108 1006 1181 1086 epi-

131 1119 236 1185 scopo
249 1102 436 1167 Dunstano
459 1114 617 1185 rogante,
634 1123 739 1186 quam
761 1105 850 1169 idem
873 1104 1068 1186 episcopus,
1087 1105 1181 1169 Lon·

131 1200 254 1267 doniae
267 1210 305 1267 et
318 1203 523 1285 Wigorniae
536 1222 669 1270 necnon
681 1212 715 1268 et
731 1206 838 1269 totius
853 1203 1002 1285 Angliae
1017 1205 1179 1283 decanus,

131 1320 234 1387 super
246 1304 359 1368 altare
372 1305 466 1368 beati
480 1304 577 1367 Petri
590 1305 625 1369 in
636 1305 756 1369 eadem
771 1304 950 1381 aecclesia,
965 1324 1056 1388 quae
1070 1307 1180 1369 mani-

132 1401 194 1467 bus
214 1404 383 1487 angelicis
399 1412 602 1470 consecrata
622 1406 822 1481 dinoscitur,
844 1404 972 1488 optulit
991 1413 1095 1488 atque
1115 1407 1178 1470 ibi·

132 1500 205 1567 dem
232 1504 268 1567 in
296 1524 421 1569 aeuum
451 1512 595 1588 propter
623 1506 824 1590 iniquitates
857 1506 1179 1590 simultationesque

134 1600 323 1669 futurorum
338 1613 442 1689 atque
458 1605 639 1688 inopinata
652 1607 745 1670 mala
766 1624 857 1689 quae
883 1625 987 1688 saepe
1005 1607 1179 1689 praedico

134 1700 187 1768 brt
209 1704 329 1770 futura
349 1724 426 1771 eam
448 1707 580 1770 seruari
597 1706 641 1771 ad
658 1707 888 1772 defensionem
906 1706 973 1770 loci
990 1707 1178 1790 praecepit,

135 1799 314 1871 indictione
330 1827 414 1872 uero
430 1808 594 1872 secunda.

520 2106 779 2191 mccxxrv.

392 2222 612 2336 ninwro,
633 2258 719 2342 May
735 2257 828 2335 tro,
844 2256 920 2321 959.

187 2408 230 2489 ›1‹
265 2405 581 2471 Onrnonoxonuu
607 2405 737 2488 uigoris
766 2405 1012 2471 aecclesiastici
1043 2405 1176 2469 monitu

102 2507 329 2572 ereberrime
346 2507 558 2584 instruimur,
572 2507 678 2571 utilli
693 2508 820 2589 oppido
837 2507 984 2570 subiecti
999 2506 1173 2588 suppedit·

100 2614 223 2672 untes
237 2607 454 2683 famulemur,
468 2608 527 2689 qui
545 2609 651 2672 totius
673 2608 791 2670 mundi
807 2608 970 2672 fabricam
986 2607 1072 2671 miro
1088 2607 1175 2670 inef-

99 2702 290 2791 fabilique
314 2708 401 2771 serie
422 2707 617 2789 disponens,
642 2708 915 2784 microcosmum,
943 2705 1057 2771 Adam
1080 2707 1176 2771 uide·

99 2795 216 2886 licet,
232 2806 371 2872 tandem
389 2807 614 2890 quadriformi
633 2808 841 2890 plasmatum
859 2808 1004 2873 materia
1021 2807 1113 2871 almo
1131 2808 1175 2871 ad

103 2909 177 2973 sui
192 2908 451 2974 similitudinem
466 2908 668 2973 instinctum
686 2909 883 2991 spiramine,
900 2908 1069 2972 uniuersis
1086 2927 1175 2989 quae

105 3005 155 3073 in
183 3008 312 3072 infimis
336 3008 559 3086 formauerat,
590 3027 659 3072 uno
688 3008 856 3091 probandi
890 3028 997 3072 causa
1027 3016 1174 3091 excepto

108 3109 313 3193 uetitoque,
332 3108 532 3192 praeficiens
551 3108 794 3174 Paradisiacae
817 3108 1037 3173 amoenitatis
1055 3109 1174 3172 iocun-

110 3210 232 3274 ditate
258 3209 480 3274 conlaterana
514 3210 590 3274 Eua
621 3209 753 3274 scilicet
779 3210 904 3275 comite
937 3209 1175 3273 decentissime

114 3309 318 3375 collocanit.
371 3309 572 3387 Larnarica,
599 3329 663 3391 pro
690 3310 808 3374 dolor!
841 3310 1004 3373 seductus
1031 3309 1173 3372 cauilla-

118 3411 230 3487 tione,
244 3410 438 3492 uersipellis
454 3409 695 3493 suasibilisque
710 3409 995 3491 tergiuersatione
1009 3408 1174 3488 uiraginis

120 3510 292 3592 pellectus
309 3509 540 3575 anathematis
559 3511 676 3592 alogia
695 3512 814 3574 ambro
833 3528 973 3591 pomum
990 3508 1174 3573 momordit

122 3610 282 3687 uetitum,
304 3618 340 3674 et
365 3611 431 3675 sibi
462 3630 504 3675 ac
533 3610 692 3695 posteris,
718 3611 755 3674 in
784 3609 850 3674 hoc
878 3626 1083 3674 aerumnoso
1118 3607 1172 3672 de

122 3709 232 3776 iectus
259 3711 410 3788 saeculo,
438 3711 546 3775 letum
576 3713 764 3794 promeruit
794 3719 1009 3793 perpetuum.
1076 3707 1173 3773 Uati-

123 3812 318 3878 cinantibus
332 3811 499 3892 siqnidem
513 3810 703 3895 prophetis,
718 3818 753 3875 et
767 3811 911 3875 coelitus
927 3810 1066 3892 superui
1081 3811 1173 3892 regis

123 3910 287 3976 diuturna
313 3910 526 3976 clandestino
552 3913 737 3994 praesagia
756 3911 918 3994 dogmate
940 3911 1174 3992 promentibus

124 4011 230 4076 nitide
265 4011 479 4089 orthodoxis,
513 4012 688 4094 eulogium
726 4031 770 4075 ex
803 4011 961 4093 supernis
998 4010 1171 4077 deferens:

125 4130 189 4176 non
220 4118 261 4175 nt
292 4110 500 4176 Iudaeorum
532 4112 696 4176 seditiosa
727 4111 862 4191 elingue
897 4109 1026 4174 fatetur
1051 4111 1172 4196 loqua-

991 4225 1033 4268 02
