2850 4876
373 349 548 397 cunnrrn
571 348 918 398 shonosnxonrcrn.
1119 335 1164 398 95

119 512 154 591 ›1‹
181 508 260 591 Ego
288 506 467 572 AElfuuine
495 507 663 572 minister.
729 509 771 593 ›1‹
799 509 874 591 Ego
902 508 1070 574 Uulfstan
1101 511 1165 573 mi-

112 610 228 674 nister.
278 609 321 695 »Β
336 608 413 690 Ego
430 607 578 690 AElfsige
594 609 759 672 minister.
810 611 848 689 ›1‹
864 611 941 691 Ego
954 609 1163 674 AElfuueard

112 709 276 774 minister.
335 710 375 791 ›1‹
396 708 472 790 Ego
498 707 656 771 Osuuerd
680 710 847 773 minister.
903 710 945 794 ᾖ
965 709 1041 792 Ego
1062 709 1170 774 Osulf

112 808 276 873 minister.
335 810 375 891 ᾧ
397 808 472 890 Ego
490 807 612 871 Osferd
630 808 797 872 minister.

502 1105 771 1172 uccnxvrr.

480 1223 700 1336 eineis,
722 1257 798 1324 see.

165 1408 206 1488 ›1‹
228 1405 275 1470 ΙΝ
293 1405 429 1470 nomine
441 1406 571 1474 domini
587 1407 697 1471 nostri
714 1407 818 1471 Ibesu
837 1405 986 1472 Christi!
1040 1408 1161 1472 Omnis

113 1506 250 1588 quidem
266 1506 366 1588 larga
377 1506 614 1571 munificentia
627 1527 747 1590 regum
763 1514 970 1571 testamento
985 1507 1162 1571 literarum

114 1606 310 1670 roboranda
336 1614 401 1684 est,
431 1626 474 1671 ue
499 1608 714 1690 posteritatis
742 1607 915 1671 successio
936 1609 1100 1688 ignorans
1128 1608 1163 1670 in

115 1706 341 1788 malignitatis
356 1706 516 1770 fribolum
527 1706 731 1771 infoeliciter
745 1714 894 1771 corruat.
930 1706 1162 1786 Quamobrem

114 1825 178 1888 ego
202 1806 355 1889 Eadgar,
376 1806 494 1872 diuina
518 1807 771 1871 collubescente
793 1808 908 1889 gratia
933 1809 1040 1871 totius
1063 1807 1163 1871 Albi·

114 1907 190 1970 onis
216 1926 280 1970 rex
301 1905 618 1989 primicheriusque,
644 1906 817 1989 quandam
841 1908 931 1971 ruris
958 1906 1163 1989 particulam

116 2023 191 2071 uxr.
221 2007 352 2072 scilicet
386 2013 612 2084 cassatorum,
645 2006 723 2072 loco
758 2008 818 2090 qui
848 2006 986 2088 uulgari
1020 2007 1163 2089 AEpslea

26 2171 33 2178 ,
114 2106 250 2184 dicitur,
275 2126 351 2170 meo
374 2106 466 2171 fideli
486 2107 655 2184 ministro,
677 2108 806 2190 quique
831 2106 973 2170 huiusce
997 2107 1162 2188 gnosticis

113 2206 249 2272 insulae
270 2213 354 2271 noto
375 2206 540 2271 AElfwold
561 2214 781 2290 nuncupatur
800 2214 971 2283 onomate,
994 2208 1030 2270 in
1052 2214 1163 2271 aeter-

113 2327 194 2371 nam
210 2306 342 2388 largior
361 2306 628 2382 haereditatem
656 2315 697 2371 ut
717 2307 805 2389 ipse,
822 2308 897 2371 uita
920 2309 1057 2380 comite,
1081 2326 1161 2372 eum

115 2407 272 2472 omnibns
296 2396 510 2483 utensilibus,
537 2407 647 2489 pratis
673 2407 846 2485 uidelicet,
872 2409 1024 2490 pascuis,
1049 2408 1161 2485 siluis,

116 2508 190 2572 uoti
215 2526 355 2589 compos
380 2507 526 2581 habeat;
561 2514 702 2589 etpost
731 2507 826 2573 uitae
852 2527 937 2572 suae
968 2508 1163 2585 terminum,

116 2608 379 2689 quibuscunque
419 2606 568 2671 uoluerit
601 2607 805 2671 cleronomis
842 2610 1028 2673 immunem
1068 2609 1165 2672 dere-

116 2706 262 2790 linquat.
317 2706 371 2771 Sit
400 2714 517 2771 autem
548 2706 763 2790 praedictum
792 2728 853 2772 rus
882 2710 974 2772 omni
1007 2715 1164 2772 terrenae

118 2805 296 2871 seruitutis
314 2806 396 2888 iugo
418 2806 576 2883 liberum,
593 2808 702 2871 tribus
721 2809 887 2891 exceptis,
905 2816 983 2872 rata
999 2808 1162 2871 uidelicet

117 2905 346 2988 expeditione,
374 2906 491 2988 pontis
522 2907 656 2971 arcisue
688 2909 951 2973 restauratione.
1016 2907 1054 2971 Si
1087 2908 1164 2990 quis

117 3006 224 3087 igitur
240 3005 331 3069 hanc
345 3014 498 3070 nostram
515 3007 733 3071 donationem
749 3006 785 3071 in
800 3008 895 3073 alind
913 3027 1016 3090 quam
1036 3008 1163 3072 consti·

119 3106 246 3170 tuimus
266 3106 450 3170 transferre
472 3106 634 3184 uoluerit,
652 3108 809 3189 priuatus
827 3109 1000 3172 consortio
1022 3116 1164 3172 sanctae

119 3204 174 3269 dei
204 3205 404 3283 aecclesiae,
438 3205 587 3270 aeternis
620 3205 775 3270 barathri
806 3207 973 3271 incendiis
1006 3207 1163 3290 lugubris

118 3305 245 3388 ingiter
255 3324 333 3368 curn
349 3305 439 3369 Iuda
455 3304 584 3370 Christi
598 3306 772 3388 proditore
785 3305 928 3388 eiusque
943 3308 1165 3389 complicibus

119 3406 297 3488 puniatur,
324 3405 354 3468 si
381 3425 450 3469 non
475 3405 710 3470 satisfactione
736 3405 972 3470 emendauerit
998 3424 1164 3487 congrua,

118 3504 210 3587 quod
234 3512 356 3568 contra
383 3510 537 3568 nostrum
559 3505 704 3588 deliquit
730 3505 917 3570 decretum.
970 3505 1038 3568 His
1064 3506 1165 3568 metis

120 3603 313 3687 praefatum
331 3624 390 3667 rus
406 3603 485 3668 hinc
501 3604 581 3668 inde
596 3613 752 3688 gyratur,
770 3612 835 3670 etc.

168 3705 208 3786 ›1‹
230 3703 307 3786 Ego
325 3703 467 3785 Eadgar
490 3723 554 3768 rex
578 3704 770 3786 Anglorum
791 3724 871 3770 cum
897 3723 1064 3786 consensu
1085 3703 1166 3767 doc-

13 3890 16 3895 ·
119 3811 232 3868 torum
263 3822 416 3867 meorum
443 3824 522 3868 cum
551 3805 652 3884 signo
686 3811 827 3870 sanctae
855 3806 967 3869 crucis
994 3804 1164 3867 roboraui.

124 3906 163 3984 ›1‹
193 3903 270 3985 Ego
302 3902 464 3967 Dunstan
488 3902 765 3988 archiepiscopus
791 3904 1063 3968 Dorouernensis
1090 3921 1166 3967 aec-

119 4002 244 4068 clesiae
260 4001 391 4067 Ghristi
406 4004 606 4067 consensiet
618 4003 816 4085 subscripsi.
866 4005 905 4084 ›1‹
921 4003 996 4084 Ego
1011 4001 1165 4068 AElfstan

119 4104 315 4186 episcopus
372 4103 412 4184 ᾧ
432 4102 509 4182 Ego
534 4101 724 4168 AEbelwold
750 4103 932 4187 episcopus
954 4102 1165 4168 confirmaui.

388 4612 590 4819 m
661 4534 1123 4820 (Nn
