2850 4876
345 393 517 442 cnanunn
543 393 886 445 auccosaxourcan.
1103 386 1148 450 ta

98 547 316 612 consolidaui.
361 549 492 631 ›11Ego
511 548 715 633 Byrbthelm
731 553 913 636 episcopus
931 554 1144 620 confirmaui.

102 650 135 730 ›1‹
165 647 242 729 Ego
260 647 418 713 Osuuold
435 651 617 733 episcopus
632 650 804 734 adquieui.
861 654 900 734 ›1‹
922 654 998 736 Ego
1022 655 1145 720 AEael-

97 745 195 810 nuold
235 747 353 811 abbas,
432 749 471 829 ›1‹
512 750 588 831 Ego
629 749 786 815 AEllbere
823 751 906 815 dux.
986 755 1025 835 ›1‹
1067 754 1145 836 Ego

96 844 260 909 AElsbeah
276 845 360 910 dux.
408 848 447 928 ›1‹
463 847 541 928 Ego
553 846 734 913 AElielstan
746 850 828 916 dux.
880 852 920 933 »χε
935 851 1012 933 Ego
1024 853 1144 918 AErtel-

94 945 195 1008 uuine
218 945 304 1008 dux.
361 947 400 1027 ›1‹
424 946 501 1027 Ego
526 947 725 1012 Beorhtnoit
749 949 832 1013 dux.
889 951 928 1031 ›1‹
953 951 1031 1032 Ego
1054 952 1144 1015 AEls·

93 1043 196 1108 uuine
214 1043 378 1107 minister.
426 1046 465 1126 ›1‹
481 1046 557 1127 Ego
577 1047 765 1130 Byrhtsero
787 1049 953 1112 minister.
1004 1051 1043 1131 ›1‹
1065 1051 1143 1133 Ego

93 1142 270 1224 AEttelsige
293 1143 457 1208 minister.
516 1147 555 1227 ›1‹
576 1145 652 1228 Ego
674 1146 850 1211 Uulllrelm
877 1149 1041 1212 minister.
1100 1152 1139 1232 ›1‹

93 1241 166 1324 Ilgo
178 1241 358 1306 Wulfstan
375 1242 542 1310 minister.
598 1246 637 1326 ›1‹
657 1245 734 1327 Ego
749 1245 942 1311 Wulllrelm
962 1248 1127 1312 minister.

497 1539 750 1606 Μοωῑιιι.1

204 1656 501 1755 nuonuunic
528 1687 637 1787 aun
663 1662 938 1791 mnsswin,
961 1691 1038 1758 962.

144 1838 185 1918 ›1‹
202 1836 309 1901 Hauc
319 1844 372 1901 est
384 1838 507 1902 ultima
517 1837 779 1919 commendatio,
790 1836 864 1902 siue
876 1859 988 1902 rerum
1000 1859 1141 1904 suarum

94 1955 153 2017 pro
170 1934 236 2000 deo
253 1936 461 2014 distributio,
477 1957 582 2020 quam
599 1937 754 2001 fecerunt
777 1938 879 2001 simul
896 1937 1089 2002 Brihtricus
1107 1951 1142 2003 et

91 2034 292 2099 AElfsuuitta
302 2056 391 2100 uxor
403 2037 488 2113 eiuS,
499 2038 799 2121 appropinquante
811 2037 865 2099 die
875 2038 995 2100 mortis
1011 2056 1140 2115 eornm,

90 2134 123 2197 in
140 2133 228 2197 uilla
243 2153 333 2217 quae
348 2143 493 2200 uocatur
510 2136 729 2218 Meapeham,
747 2137 892 2199 testibus
909 2134 961 2198 his
977 2155 1141 2218 praesen-

90 2233 181 2297 tibus
208 2233 251 2296 de
267 2235 415 2317 propriis
439 2237 639 2317 parentibus
663 2234 748 2311 suis,
762 2233 934 2311 uidelicet,
951 2234 1141 2300 Uulfstano

90 2326 293 2414 cognomine
311 2333 419 2410 Ucca,
437 2327 627 2398 et'Uulfsio
650 2330 757 2398 fratre
781 2335 867 2410 eius,
883 2329 1055 2397 et'Siredo
1070 2334 1141 2399 filio

91 2430 251 2508 AElfredi,
266 2437 302 2494 et
319 2431 455 2496 Uulssio
472 2435 677 2515 cognomine
692 2433 813 2508 Bluca,
827 2439 864 2495 et
876 2432 980 2496 Wine
996 2434 1140 2516 presby-

91 2537 163 2594 tero
179 2536 215 2594 et
233 2529 392 2612 AElsgaro
409 2532 446 2595 iu
460 2530 682 2615 Meapabam,
698 2541 733 2594 et
750 2531 893 2611 Wulleg
909 2531 980 2594 filio
997 2531 1140 2614 Ordegi,

90 2637 124 2693 et
141 2629 283 2711 AElsego
301 2628 407 2694 fratre
427 2631 517 2708 eius,
533 2638 568 2695 et
591 2630 788 2694 Brihtwara
803 2629 939 2693 AElfrici
957 2630 1089 2707 relicta,
1104 2640 1140 2695 et

90 2727 275 2810 Bryhtrico
304 2728 378 2792 eius
410 2725 666 2811 consanguineo
694 2737 730 2793 et
759 2729 934 2793 AElfstano
964 2726 1138 2812 episcopo.

89 2826 244 2890 Primum
268 2828 418 2892 naturali
442 2828 582 2893 domino
605 2848 668 2892 suo
694 2829 767 2911 regi
792 2828 962 2892 armillam
985 2848 1137 2903 auream,

89 2945 176 3008 quae
188 2925 337 2990 habebat
349 2929 526 3009 octoginta
537 2946 677 2991 mancas
689 2927 776 3004 auri,
791 2934 827 2990 et
841 2946 944 2990 unum
961 2926 1137 2992 handseax

89 3025 290 3090 tantundem
309 3027 384 3089 auri
398 3026 592 3104 habentem,
612 3033 829 3109 etquattuor
848 3046 968 3109 equos,
984 3027 1071 3091 duos
1094 3048 1138 3092 ex

86 3124 137 3188 eis
150 3126 282 3206 optime
296 3125 472 3203 faleratos,
489 3133 525 3190 et
540 3126 628 3190 duos
644 3125 778 3208 gladios
796 3127 924 3208 optime
938 3127 1136 3205 adornatos,

90 3232 123 3289 et
137 3224 225 3288 duos
250 3225 443 3307 accipitres,
461 3233 496 3289 et
519 3245 637 3289 omnes
653 3245 756 3289 canes
775 3243 855 3287 suos
880 3223 1078 3299 uenaticos;
1103 3234 1139 3290 et

89 3323 247 3388 dominae
273 3343 356 3388 suae
379 3325 519 3407 reginae
541 3324 711 3389 armillam
735 3322 854 3398 unam,
876 3341 966 3405 quae
989 3323 1138 3388 habebat

88 3424 233 3505 triginta
256 3443 397 3487 mancas
418 3423 506 3501 auri,
522 3430 557 3488 et
572 3443 679 3487 unum
695 3442 821 3505 equum
843 3420 1071 3497 emissarium,
1096 3441 1137 3485 eo

88 3530 189 3604 pacto
220 3529 260 3586 ut
292 3522 472 3587 adiuuaret
502 3542 578 3587 eum
610 3522 701 3604 apud
731 3540 848 3603 regem
878 3519 1040 3602 quatinus
1069 3520 1138 3584 ista

88 3620 338 3686 commendatio
363 3623 437 3686 siue
462 3621 659 3687 distributio
683 3640 795 3685 rerum
821 3639 962 3684 suarum
987 3618 1086 3681 firma
1103 3626 1138 3682 et

88 3722 221 3785 stabilis
240 3728 333 3784 esset
348 3729 429 3804 post
444 3728 588 3785 mortem
607 3740 727 3800 suam3
751 3727 787 3784 et
802 3738 864 3801 pro
879 3719 996 3782 anima
1013 3717 1088 3793 sua,
1103 3724 1139 3781 et

88 3821 240 3885 omnium
266 3821 484 3902 antiquorum
510 3840 661 3896 suorum,
688 3819 784 3883 dedit
811 3817 999 3881 aecclesiae
1026 3815 1139 3881 sancti

87 3918 247 3984 Andreae
273 3919 360 3983 duas
386 3921 555 4001 sullingas
579 3926 691 3982 terrae
714 3919 750 3981 in
774 3916 975 3993 Danituna3
1002 3922 1038 3978 et
1062 3917 1139 3997 ipsa

88 4019 288 4084 AElfsuuiva
322 4018 480 4082 similiter
518 4017 614 4081 dedit
651 4017 761 4081 eidem
802 4013 989 4079 aecclesiae
1011 4014 1140 4078 'sancti

329 4142 336 4172 ¹
355 4145 430 4194 Latin
439 4144 586 4194 translation
598 4142 627 4191 oi
635 4143 687 4193 No.
699 4140 877 4192 ccccxcn.
