2850 4876
186 344 251 409 174
462 358 635 407 curares
657 358 1003 409 sueuossxomosr.

185 518 298 581 animo
316 517 468 582 concedo
483 518 728 582 monasterium
744 517 830 581 haec
845 525 937 581 sunt.
978 515 1095 580 Unum
1106 515 1240 581 scilicet

185 617 277 699 apud
305 616 558 694 Feornebeorb,
582 617 730 682 alterum
752 617 843 699 apud
860 616 1146 692 Wilmsleahtun‚
1170 621 1240 681 ter·

185 717 270 781 tium
299 718 391 799 apud
424 716 548 799 Cyme.
601 718 680 781 Has
709 725 877 783 terrarum
907 717 1083 800 portiones
1116 714 1240 781 AElsrie

185 823 415 897 cognomento
442 817 577 880 Puera
599 817 749 899 quadam
767 817 872 881 uidua
894 816 1038 880 Eadlled
1062 814 1240 899 appellata

184 916 351 980 uiolenter
372 917 553 993 abstraxit,
572 935 613 980 ac
630 917 751 982 deinde
774 936 852 981 cum
875 915 910 980 in
926 918 1053 982 ducatu
1075 934 1140 979 suo
1155 934 1238 979 con·

183 1025 238 1103 tra
256 1036 310 1080 me
332 1024 367 1080 et
384 1023 505 1080 contra
523 1036 656 1082 omnem
680 1024 818 1098 gentem
835 1035 947 1082 meam
965 1035 1043 1080 reus
1059 1015 1240 1092 existeret,

182 1122 218 1178 ct
233 1116 299 1179 hae
315 1134 402 1197 quas
423 1115 682 1198 praenominaui
705 1117 880 1198 portiones
898 1122 933 1180 et
950 1116 1132 1180 uniuersae
1149 1133 1239 1197 quas

183 1215 385 1296 possederat
408 1222 576 1280 terrarum
601 1217 835 1298 possessiones
856 1234 955 1279 meae
975 1216 1141 1279 subactae
1157 1221 1240 1282 sunt

183 1314 316 1391 ditioni,
334 1315 473 1397 quando
487 1316 530 1379 ad
548 1315 715 1399 synodale
730 1315 912 1382 concilium
928 1315 971 1379 ad
991 1315 1240 1398 Cyrneceestre

183 1415 336 1478 uniuersi
357 1415 542 1496 optimates
565 1415 633 1478 mei
654 1415 757 1479 simul
779 1415 813 1480 in
832 1434 936 1478 unum
953 1419 1191 1482 conuenerunt
1202 1420 1240 1479 et

183 1515 328 1578 eundem
347 1514 530 1584 AElsricum
549 1515 740 1579 maiestatis
761 1535 856 1578 reum
876 1514 918 1578 de
937 1512 1002 1577 bac
1020 1513 1136 1596 patria
1156 1532 1238 1595 pro·

182 1613 302 1695 iugum
325 1614 542 1696 expulerunt,
564 1621 599 1678 et
618 1616 782 1678 uniuersa
803 1616 848 1678 ab
865 1615 927 1679 illo
946 1632 1107 1696 possessa
1134 1611 1237 1679 michi

183 1713 257 1777 iure
272 1713 488 1796 possidenda
500 1733 617 1779 omnes
632 1716 796 1778 unanimo
817 1733 986 1779 consensu
1000 1713 1238 1793 decreuerunt.

184 1813 319 1879 Deinde
335 1813 527 1896 praefatam
541 1815 772 1896 uiduam,pro
789 1833 907 1878 amore
923 1814 1128 1896 optimatum
1144 1832 1238 1877 meo·

183 1933 259 1976 rum
273 1914 333 1996 qui
345 1914 419 1977 cius
434 1914 527 1996 apud
539 1934 592 1978 me
604 1915 794 1981 extiterant
810 1914 984 1990 aduocati,
999 1932 1099 1978 suam
1116 1912 1235 1977 baere-

183 2012 328 2077 ditatem
342 2013 519 2095 possidere
536 2014 695 2080 clementi
712 2013 928 2094 benignitate
942 2014 1092 2097 permisi,
1108 2019 1144 2077 et
1159 2013 1237 2095 ipsa

60 2133 64 2138 ·
184 2113 322 2180 tandem
351 2112 389 2176 in
418 2119 573 2177 extrema
604 2133 687 2179 suae
713 2114 929 2196 migrationis
955 2114 1128 2180 sententia
1153 2113 1237 2177 mibi

183 2231 302 2276 rursus
331 2213 528 2278 earumdem
555 2220 723 2278 terrarum
750 2214 1002 2296 possessionem
1025 2213 1176 2296 benigno
1202 2221 1238 2278 et

184 2312 304 2378 libenti
327 2312 443 2376 animo
472 2314 508 2376 in
532 2313 740 2395 perhennem
766 2313 950 2395 dereliquit
976 2313 1234 2379 haereditatem.

184 2410 359 2482 Tellurem
375 2431 459 2475 uero
475 2412 520 2476 ad
545 2412 675 2496 Pyrian
692 2431 796 2495 quam
814 2414 918 2477 etiam
933 2413 974 2476 ad
991 2413 1082 2477 idem
1099 2412 1236 2495 praefa-

186 2518 259 2575 tum
274 2511 425 2575 concedo
442 2513 700 2589 monasterium,
717 2531 822 2582 unam
841 2513 980 2576 illarum
1001 2519 1139 2583 constat
1158 2530 1234 2577 esse

185 2617 352 2674 terrarum
368 2630 456 2694 quas
472 2612 674 2676 AEttelward
692 2611 888 2677 Ceolfledae
902 2613 994 2677 filius
1015 2611 1099 2677 mibi
1122 2620 1235 2677 aeter·

184 2710 309 2774 naliter
336 2710 561 2791 possidendas
589 2731 756 2795 promea
773 2713 918 2777 donauit
934 2712 1099 2777 amicitia.
1132 2711 1236 2779 Omni

183 2808 292 2890 uulgo
306 2809 409 2891 longe
424 2810 564 2894 lateque
579 2811 664 2876 satis
682 2821 735 2876 est
751 2814 928 2893 cognitum
944 2812 1094 2895 qualiter
1108 2812 1184 2895 ipse
1200 2818 1235 2877 et

184 2908 291 2974 frater
306 2910 380 2976 eius
396 2917 519 2975 contra
532 2932 587 2975 me
612 2913 661 2977 rei
687 2912 877 2990 extiterint,
899 2912 1117 2996 qualiterque
1133 2913 1236 2978 ambo

183 3028 294 3073 meam
320 3009 536 3074 inimicitiam
562 3013 781 3092 exigentibus
806 3013 879 3076 suis
905 3013 1056 3077 reatibus
1083 3012 1235 3077 incurre-

184 3109 265 3173 rint.
330 3107 430 3176 Haee
460 3111 694 3192 praefatarum
722 3112 908 3194 descriptio
942 3119 1112 3176 terrarum
1144 3112 1236 3177 facte

184 3216 237 3273 est
269 3229 331 3290 per
361 3208 630 3276 admonitionem
662 3210 796 3275 Ordulfi
829 3211 992 3276 auunculi
1022 3213 1103 3288 mei,
1130 3219 1236 3295 atque

184 3308 375 3373 AEttelmari
399 3311 699 3392 consanguinitate
720 3311 803 3375 mibi
827 3310 1069 3392 conglutinati,
1088 3319 1124 3376 ot
1142 3311 1235 3377 Wlf-

184 3411 256 3491 gati
268 3409 416 3474 ministri
430 3411 497 3474 mei
513 3398 641 3487 dilecti,
657 3430 789 3475 necnon
804 3420 839 3479 et
855 3412 990 3475 abbatis
1001 3411 1070 3475 mei
1083 3410 1235 3493 Wlsgari

184 3517 259 3575 tota
276 3510 359 3572 mihi
374 3509 558 3577 deuotione
579 3511 729 3592 benigni,
748 3512 807 3593 qui
830 3531 885 3576 me
902 3511 1074 3594 frequenti
1090 3529 1234 3593 sugges·

183 3610 277 3674 tione
304 3629 383 3674 eum
411 3617 624 3674 caeterorum
655 3610 806 3674 fidelium
832 3612 1043 3676 commonuit
1075 3611 1236 3682 suasione

183 3711 346 3792 quatinus
358 3708 416 3772 dei
428 3710 672 3792 omnipotentis
687 3709 935 3775 haereditatem
948 3730 993 3775 ex
1006 3711 1125 3792 aliqua
1137 3717 1236 3794 parte

184 3810 351 3872 innouare
378 3816 413 3873 et
443 3828 571 3891 augere
601 3829 777 3885 curarem3
810 3810 903 3893 quod
933 3818 969 3875 et
993 3810 1059 3874 feci
1093 3817 1235 3893 propter

185 3906 325 3983 Christi,
338 3908 399 3991 qui
411 3929 465 3974 me
480 3909 517 3972 in
534 3929 642 3993 regno
656 3910 868 3989 sublimauit,
885 3929 1048 3987 amorem,
1061 3916 1235 3996 eteorum

184 4007 244 4089 qui
262 4027 315 4071 me
331 4009 443 4074 amica
462 4010 664 4080 assiduitate
678 4009 721 4072 ad
733 4030 843 4074 meam
867 4010 1099 4074 exhortantur
1118 4029 1234 4075 neces·

183 4107 309 4176 sariam
335 4115 370 4178 et
396 4116 573 4179 aeternam
598 4109 757 4184 salutern,
780 4118 815 4176 et
842 4118 983 4195 propter
1009 4110 1173 4175 humilem
1201 4116 1236 4174 et
