2850 4876
182 310 247 377 180
440 326 611 375 onnurnn
634 323 983 372 Anonosnxoruosn.

185 480 321 545 Leofric
353 482 461 545 miles.
529 482 568 562 ›1‹
602 480 679 563 Ego
714 480 876 544 AElfwine
911 479 1018 543 miles.
1081 477 1122 558 ›1‹
1159 473 1236 555 Ego

187 581 334 662 AElfsige
350 581 468 644 abbas.
526 582 565 662 ›1‹
583 579 659 662 Ego
675 579 891 662 Loo[f]wine
909 579 1028 644 abbas.
1078 576 1133 657 »1«.

653 756 772 785 -—-¹÷

576 877 843 943 ucccxvu.

459 1025 624 1092 ΑΒΒΑΤ
652 993 854 1103 niuniu,
878 1026 976 1090 1022.

245 1181 284 1261 ›1‹
308 1180 384 1242 Eoo
404 1177 572 1241 Eadricus
592 1178 699 1240 abbas
725 1177 760 1238 in
785 1175 1020 1239 Ealdanhame
1045 1174 1186 1239 notifico
1204 1182 1240 1238 et

190 1279 327 1342 declaro
351 1277 387 1340 in
407 1277 472 1340 hoc
495 1277 699 1358 cirographo
718 1275 810 1357 quod
831 1295 896 1357 ego
914 1294 991 1338 mea
1008 1293 1136 1356 magna
1158 1293 1240 1338 auc·

191 1378 331 1443 toritate
349 1376 475 1440 tradidi
492 1376 628 1438 cuidam
647 1375 864 1438 Stamarcoto
889 1383 999 1438 terras
1020 1374 1063 1438 de
1079 1373 1240 1456 Hegber·

191 1477 246 1540 leo
277 1482 312 1539 et
343 1475 384 1538 de
418 1475 621 1555 Becgwirse
650 1475 693 1537 de
722 1474 873 1537 dominio
906 1474 1094 1537 aecclesiae
1125 1471 1240 1555 quoad

193 1576 331 1649 uixerit,
350 1580 385 1637 et
406 1573 471 1636 boc
492 1574 558 1637 feci
579 1593 641 1656 pro
660 1573 812 1637 eiusdem
828 1573 958 1654 placita
981 1573 1127 1656 pecnnia
1146 1571 1241 1648 mibi,

193 1693 256 1756 pro
289 1690 362 1737 nv,
398 1673 507 1749 libris,
540 1674 665 1755 quibus
694 1673 823 1736 redemi
855 1673 983 1736 omnia.
1002 1671 1072 1736 elia
1101 1671 1243 1754 praedia

194 1772 392 1842 monasterii
407 1772 451 1834 ab
467 1771 528 1835 illa
545 1790 673 1853 magna
688 1771 865 1853 heregoldi
880 1772 1063 1836 exactione
1077 1790 1168 1853 quae
1182 1790 1245 1854 per

195 1880 306 1936 totam
330 1869 494 1951 Angliam
518 1871 592 1934 fnit.
645 1870 770 1934 Testes
789 1870 911 1934 horum
934 1877 1016 1934 sunt
1037 1870 1243 1935 Wolstanus

195 1970 475 2053 archiepiscopus
509 1970 673 2046 Eborum‚
705 1978 740 2033 et
770 1970 908 2033 Leisius
939 1970 1122 2052 episcopus
1156 1969 1244 2052 Wy-

197 2069 400 2152 gorniensis,
414 2067 534 2148 'Aglai
555 2087 676 2132 comes
696 2075 732 2131 et
757 2076 832 2132 tota
858 2070 1083 2150 congregatio
1106 2068 1245 2134 Ueteris

198 2168 415 2243 Monasterii‚
442 2173 477 2230 et
504 2165 608 2231 Anna
630 2168 738 2230 abbas
764 2175 800 2231 et
825 2187 952 2232 omnes
966 2168 1090 2232 fratres
1112 2186 1246 2232 monas·

197 2270 276 2332 terii
305 2267 418 2332 sancti
444 2265 611 2343 Oswaldi,
634 2272 669 2330 et
694 2267 860 2331 Ibihiside
884 2267 1078 2351 praefectus
1105 2273 1143 2331 et
1170 2274 1247 2332 tota

199 2369 323 2431 ciuitas
349 2366 599 2442 Gloucestriae,
627 2372 662 2429 et
688 2366 787 2429 multi
811 2367 883 2444 alii,
912 2373 983 2430 tam
1010 2363 1118 2448 Angli
1143 2374 1247 2448 qutun

200 2468 303 2530 Dani.
349 2465 453 2544 Quod
467 2466 498 2529 si
513 2466 714 2529 forisfecerit
730 2466 789 2530 ille
808 2467 867 2547 qui
886 2474 1013 2530 terram
1027 2471 1134 2542 tenet,
1152 2465 1195 2530 do
1210 2484 1247 2530 se

200 2573 236 2630 et
251 2563 293 2629 de
307 2584 371 2629 suo
387 2566 555 2642 emendet,
571 2572 665 2629 terra
682 2572 797 2629 autem
812 2566 857 2629 sit
870 2565 979 2629 libera
987 2571 1022 2629 et
1036 2564 1161 2629 iterum
1174 2584 1247 2630 mo·

201 2666 351 2729 nasterio
367 2664 530 2731 reddatur
551 2671 791 2747 postmortem
809 2666 891 2729 eius.
945 2664 1036 2729 Acta
1059 2672 1141 2728 sunt
1163 2663 1247 2728 haec

202 2784 293 2828 anno
319 2765 363 2828 ab
388 2765 623 2829 incarnatione
654 2764 783 2828 domini
806 2765 943 2828 circiter
973 2769 1138 2830 .M.XX11⁰.
1163 2769 1248 2828 tem·

202 2884 285 2950 pore
302 2863 406 2929 Gnuti
422 2865 524 2946 regis.

686 2961 797 2973 tun——

586 3076 874 3145 MOCCXVIII.

593 3219 741 3296 GNUT,
767 3219 864 3286 1033.
965 3264 967 3269 -

205 3350 303 3609 ἓ
331 3362 536 3426 Rucunuun
559 3363 810 3445 imperpetuum
834 3361 898 3426 deo
921 3369 957 3426 et
976 3363 1113 3428 domino
1132 3371 1249 3428 nostro

333 3461 436 3526 Ihesu
465 3460 616 3538 Christo,
632 3481 710 3525 oum
731 3462 829 3526 cuius
856 3462 999 3544 imperio
1021 3462 1077 3526 hic
1104 3463 1251 3528 labentis

331 3561 458 3625 saeculi
482 3561 694 3644 prosperitas
718 3561 755 3623 in
781 3561 936 3625 aduersis
958 3563 1174 3627 successibus
1200 3582 1252 3627 se·

207 3656 289 3724 dulo
330 3660 503 3742 permixta
544 3666 580 3724 et
613 3663 821 3725 conturbata
862 3662 1025 3740 cernitur,
1064 3670 1100 3727 et
1139 3663 1254 3727 omnia

207 3758 356 3823 nisibilia
379 3767 484 3842 atque
510 3758 749 3824 desiderabilia
775 3767 978 3825 ornamenta
1001 3761 1102 3825 huius
1136 3760 1254 3826 mundi

207 3858 253 3919 ab
290 3858 376 3941 ipsis
406 3861 615 3924 amatoribus
646 3861 771 3924 cotidie
788 3863 1005 3939 'transeunt3
1046 3860 1125 3925 ideo
1161 3851 1271 3926 beati'

210 3956 337 4037 quique
367 3978 408 4022 ac
435 3960 609 4042 sapientes
635 3978 714 4023 cnm
743 3960 796 4023 his
825 3959 982 4042 fugitiuis
1005 3960 1140 4024 saeculi
1164 3960 1253 4025 diui-

210 4053 267 4116 tiis
294 4063 437 4122 aeterna
464 4067 499 4123 et
528 4059 654 4140 iugiter
683 4076 907 4142 permansura
936 4059 1066 4141 gaudie
1095 4060 1253 4125 coelestis
