2850 4876
449 403 622 453 ounnrnn
644 404 990 456 Anonosuxonronn.
1190 396 1236 460 69

234 559 272 638 '1⁴
294 557 372 638 Ego
389 558 523 622 eadelm
540 558 733 623 sehniensis
749 559 821 640 epis
837 561 917 623 coni
931 570 968 626 et
986 563 1079 628 suhi.

235 658 274 740 ›1‹
297 657 375 736 Ego
391 657 608 723 beorhtholm
625 658 838 723 fontanensis
856 661 927 743 epii
944 662 1026 726 coni
1041 670 1077 727 et
1094 664 1189 727 subi.

234 756 273 837 »1⁴
296 756 375 838 Ego
389 756 487 822 osulf
497 759 740 840 sonningensis
755 759 849 841 episc
865 763 947 824 coni
963 771 998 827 et
1015 762 1107 827 subi.

233 856 276 939 ›1‹
297 856 375 938 Ego
393 857 530 921 aelfstan
546 857 725 922 hronensis
739 859 833 941 episc
850 862 931 923 coni
948 869 984 928 et
999 862 1089 926 subi.

234 956 273 1037 »1⁴
297 955 374 1037 Ego
389 956 766 1049 apulfhelmhamensis
783 960 855 1040 opii
872 962 954 1024 coni
972 970 1007 1026 et
1024 962 1118 1025 subi.

234 1057 273 1136 *1⁴
297 1054 374 1137 Ego
391 1055 535 1120 aelthere
550 1056 624 1119 dux
637 1058 719 1120 coni
735 1065 769 1122 et
785 1060 879 1124 suhi.

188 1201 190 1207 .
234 1155 274 1236 »1⁴
298 1153 374 1236 Ego
392 1154 558 1248 aepelstan
577 1156 648 1219 dux
666 1158 748 1220 coni
765 1165 800 1222 et
817 1160 910 1222 subi.

233 1254 275 1337 »Β
299 1254 375 1335 Ego
393 1255 522 1319 aelfheh
537 1255 608 1318 dux
625 1257 707 1320 coni
725 1265 759 1322 et
775 1259 867 1321 sobi.

234 1354 276 1437 ›1‹
299 1353 376 1434 Ego
391 1354 581 1446 heorhtnop
596 1356 669 1418 dux
686 1357 768 1421 coni
783 1364 818 1421 et
835 1359 928 1421 suhi.

234 1453 276 1536 »Β
298 1453 375 1534 Ego
393 1453 570 1547 aehelwine
585 1456 658 1519 dux
673 1457 754 1519 coni
770 1464 805 1521 et
820 1459 913 1521 subi.

235 1554 274 1632 ›1‹
298 1552 375 1634 Ego
393 1553 601 1619 beorhtfaer’d
618 1556 707 1619 mins
725 1557 806 1623 coni
821 1565 856 1620 et
871 1559 964 1621 subi.

236 1655 275 1733 ›1‹
299 1652 376 1733 Ego
393 1654 541 1718 aelfwine
559 1655 646 1718 mins
664 1656 745 1718 coni
762 1662 798 1718 et
814 1657 906 1719 suhi.

236 1754 276 1833 ᾧ
299 1751 377 1833 Ego
394 1754 548 1818 ordwold
563 1755 653 1818 mins
667 1756 749 1818 coni
767 1763 801 1819 et
817 1757 909 1819 subi.

236 1851 278 1934 »Β
300 1850 376 1932 Ego
394 1852 556 1946 aehelsige
572 1855 661 1916 mins
678 1855 760 1918 coni
775 1863 810 1919 et
826 1857 917 1919 suhi.

237 1952 276 2031 ›1‹
300 1950 378 2032 Ego
394 1952 542 2017 aelfwold
559 1954 646 2017 mins
660 1954 741 2016 coni
759 1962 795 2018 et
811 1957 902 2019 subi.

233 2051 276 2134 ›1‹
297 2051 375 2134 Ego
394 2052 554 2117 wulfstan
572 2053 663 2117 mins
680 2054 762 2117 coni
780 2061 815 2120 et
831 2056 922 2118 subi.

604 2471 794 2537 noenu.

548 2587 768 2697 uincire,
794 2621 871 2686 964.

237 2758 277 2839 »1⁴
301 2756 499 2821 Connnsms
521 2755 654 2838 patriae
675 2754 806 2837 perfrui
824 2775 909 2819 uoce
929 2755 1066 2838 quimus
1085 2775 1234 2839 euange-

184 2856 261 2932 lica,
272 2857 473 2920 transitoria
483 2856 513 2919 si
524 2862 805 2938 contempnentes
816 2856 1038 2920 adhibeamus
1048 2860 1231 2939 perpetua!

186 2956 394 3039 Tripudians
417 2957 541 3020 etenim
566 2956 668 3019 huius
694 2955 836 3038 sophiae
859 2976 999 3020 munere
1024 2956 1144 3032 fretus,
1168 2976 1233 3039 ego

187 3055 367 3138 Eadgarus
384 3057 496 3137 gentis
513 3054 704 3137 Anglorum
721 3064 755 3119 et
776 3056 1001 3120 harbarorum
1025 3064 1130 3138 atque
1150 3077 1233 3138 gen·

185 3157 294 3219 tilium
314 3176 378 3219 rex
395 3176 436 3219 ac
453 3156 622 3238 praedux,
644 3156 679 3218 in
702 3155 804 3218 laude
820 3153 950 3218 Christi
970 3156 1115 3219 dicentis
1133 3165 1235 3222 erunt

185 3255 251 3320 duo
279 3256 316 3318 in
341 3275 442 3320 carne
468 3275 550 3331 una,
572 3255 769 3320 lateraneae
791 3273 888 3317 meae
913 3253 1064 3335 mihique
1089 3255 1234 3320 dilectae

185 3357 237 3419 cui
259 3368 385 3421 nomen
402 3353 576 3437 AElt'dry’d,
596 3356 694 3436 regni
717 3353 784 3417 mei
803 3352 980 3416 cuiusdam
999 3353 1089 3415 ruris
1108 3374 1232 3419 numen

187 3470 235 3520 .x.
254 3474 452 3519 mansarum
464 3455 501 3516 in
513 3461 688 3518 aeternam
704 3454 900 3536 impertitus
914 3470 990 3515 sum
1002 3450 1233 3531 traditionem,

185 3554 310 3619 ibidem
338 3537 616 3637 qui'priseorum
646 3554 788 3617 uocibus
816 3559 1037 3634 nuncupatur
1071 3558 1117 3615 aet
1146 3552 1233 3616 Eas·

185 3661 278 3718 tune.
332 3652 432 3718 Haec
465 3655 571 3734 igitur
600 3652 703 3718 tellus
737 3651 929 3734 praefatam
964 3651 1123 3716 omnibus
1156 3670 1233 3714 cum

185 3753 397 3836 appendiciis
427 3753 524 3817 siluis
554 3759 588 3817 et
621 3752 764 3833 campis,
801 3753 939 3833 pascuis
973 3757 1079 3832 atque
1112 3751 1235 3831 pratis,

184 3873 337 3918 meorum
376 3852 520 3916 consilio
563 3851 763 3928 satellitum,
801 3849 1015 3932 pontificum,
1059 3850 1234 3927 comitum,

186 3953 345 4029 militum,
371 3972 463 4016 anno
486 3953 530 4014 ab
561 3951 797 4014 incarnatione
828 3949 960 4013 domini
987 3948 1098 4011 nostri
1130 3949 1234 4014 lhesu

185 4051 314 4117 Christi
337 4067 597 4115 ,noccomxlun
621 4069 711 4116 anno
739 4066 784 4114 .v.
810 4050 1001 4130 imperante
1023 4067 1089 4122 me,
1114 4051 1232 4132 snpra-

185 4159 326 4218 taxatae
349 4152 547 4217 lateraneae
575 4166 671 4212 meae
699 4149 799 4213 tanta
823 4147 983 4213 libertate
1005 4147 1170 4224 concessi,
1196 4157 1235 4213 ut
