2850 4876
251 325 317 391 208
501 342 673 391 assurin
696 340 1044 392 nuomsnxouiorr.

252 503 490 580 monetarium,
508 502 614 565 filium
635 500 782 565 AElsredi
805 499 937 565 Manno
958 520 1056 577 suno,
1068 508 1104 565 et
1122 499 1306 583 AEtielgiue

251 609 286 666 et
299 603 522 666 Dnnstanum
533 602 641 665 filium
654 602 740 679 eius,
753 601 796 666 de
808 600 966 665 domibus
980 599 1147 683 praedicti
1162 601 1305 683 AElgodi

251 703 342 766 etde
361 709 453 766 terra
470 721 560 786 quae
575 703 618 766 ad
636 701 715 765 illas
731 701 850 766 domos
868 701 1026 783 pertinet.
1075 701 1174 765 Haec
1188 708 1303 765 antem

250 809 304 866 est
321 803 520 867 conuentio:
543 801 795 885 quinquaginta
808 800 938 865 solidos
957 801 1134 883 praedicta
1146 800 1306 882 Eadgiua

250 901 346 966 dedit
367 899 506 983 Algodo
530 921 593 984 pro
616 902 772 965 domibus
788 902 860 965 suis
880 907 916 964 et
939 908 1033 965 terra
1047 920 1138 984 quae
1160 900 1204 965 ad
1225 900 1305 965 illas

250 1002 370 1065 domos
388 1002 549 1084 pertinet,
568 1009 603 1066 et
620 1001 693 1084 ipse
712 999 871 1082 Aigodus
891 1007 926 1064 et
943 1007 1020 1065 tota
1036 1001 1219 1084 progenies
1241 1019 1306 1064 sua

251 1101 294 1166 do
309 1100 370 1165 illa
384 1109 477 1165 terra
494 1102 652 1166 omnibus
670 1100 779 1165 modis
797 1107 936 1178 exeant,
952 1101 1079 1183 etipsa
1096 1100 1256 1182 Eadgiua
1271 1107 1307 1165 et

253 1202 459 1265 Dunstanus
474 1201 564 1265 filius
587 1202 661 1265 eius
684 1220 726 1264 eo
748 1199 849 1264 modo
872 1200 1056 1278 introeant,
1072 1207 1112 1265 ut
1133 1201 1184 1265 ita
1198 1200 1306 1264 libore

252 1309 288 1366 et
311 1302 427 1384 quiete
447 1300 567 1365 domos
592 1307 627 1364 et
649 1308 775 1365 terram
799 1299 895 1363 illam
917 1301 1116 1382 possideant
1135 1302 1227 1364 sicut
1244 1299 1308 1364 Al-

251 1396 363 1481 godu's
392 1400 447 1464 uel
482 1400 711 1465 Haemannus
740 1419 892 1483 unquam
920 1399 1043 1464 melius
1075 1400 1131 1464 uel
1162 1400 1305 1464 liberius

251 1501 497 1584 possederunt:
517 1507 552 1564 et
567 1501 596 1564 si
613 1500 717 1564 alicui
732 1520 792 1563 seu
810 1500 893 1563 dare
908 1500 964 1563 uel
978 1501 1128 1564 uendere
1142 1500 1306 1577 uoluerit,

252 1602 335 1665 dent
349 1599 406 1664 uel
428 1599 579 1664 uendent
603 1619 645 1664 ea
666 1601 741 1664 siue
760 1601 795 1663 in
817 1601 985 1682 progenie
1004 1619 1065 1664 seu
1083 1607 1185 1664 extra
1207 1619 1305 1664 suam

252 1700 471 1783 progeniem
493 1707 528 1763 et
548 1699 695 1781 singulis
710 1701 811 1764 annis
828 1701 865 1762 in
887 1700 999 1764 medio
1021 1700 1306 1783 quadragesimae

252 1808 332 1865 octo
355 1799 514 1864 denarios
539 1819 643 1882 super
669 1800 864 1883 sepulcrum
890 1801 1002 1864 sancti
1032 1799 1220 1882 Augustini
1244 1819 1306 1883 po·

254 1908 350 1977 nant,
368 1899 450 1982 quia
475 1907 567 1963 terra
588 1901 699 1964 sancti
729 1899 919 1981 Augustini
944 1907 997 1965 est
1017 1907 1052 1964 et
1072 1900 1108 1962 in
1132 1907 1306 1983 potestate

182 2046 187 2053 .
253 2008 383 2065 nostra.
431 1999 547 2062 Huius
569 2001 808 2064 conuentionis
832 2017 976 2064 uoraoes
1002 2007 1111 2065 testes
1132 2007 1215 2064 sunt
1236 1999 1306 2078 isti,

253 2099 382 2164 Ernulf
394 2099 501 2182 prior,
520 2107 584 2165 etc.

636 2314 922 2384 MCCCXLIX.

611 2455 944 2523 WULFKYTEL.

306 2599 345 2678 ›1‹
368 2597 454 2661 Huu
481 2597 648 2681 swytele’o
676 2617 719 2662 ou
745 2599 801 2662 nis
829 2595 951 2662 writhe
978 2587 1040 2665 ihfi
1063 2602 1126 2662 δεῖ
1149 2595 1306 2663 Ulfketel

253 2693 334 2760 God
359 2688 429 2761 fiae
454 2699 522 2761 and
548 2699 639 2762 seint
662 2686 877 2762 Eadmunde.
922 2701 995 2761 Dat
1021 2696 1052 2761 is
1076 2695 1136 2761 dat
1163 2697 1246 2761 lond
1270 2704 1306 2762 at

254 2794 466 2877 Rikinghale
487 2797 554 2862 and
572 2799 605 2861 al
627 2795 686 2862 dat
701 2787 805 2862 nerto
827 2793 944 2880 byred,
961 2795 1029 2860 and
1045 2795 1079 2861 al
1095 2795 1154 2862 dat
1171 2797 1252 2862 lond
1270 2805 1307 2863 at

254 2884 424 2973 Ruoham,
442 2899 510 2961 and
528 2902 591 2961 dat
606 2898 688 2962 lond
708 2905 745 2961 at
763 2897 888 2979 Wlpit‚
905 2895 974 2960 and
993 2892 1053 2960 dat
1068 2896 1150 2961 lond
1167 2904 1205 2962 at
1228 2896 1307 2962 Hil-

253 2995 380 3073 derole,
398 2997 467 3059 and
487 3003 550 3062 nat
572 2997 653 3061 lond
671 3005 707 3061 at
729 2997 986 3078 Referesaorpe
1010 2988 1088 3062 also
1108 2997 1137 3061 it
1160 2997 1307 3062 stonden

254 3094 325 3157 mid
365 3103 456 3160 mete
501 3098 567 3161 and
608 3099 678 3162 mid
716 3116 853 3178 manne,
890 3096 957 3161 and
995 3095 1066 3160 mid
1107 3095 1194 3160 sake
1238 3097 1305 3161 and

254 3182 366 3259 s6kne
398 3185 474 3261 alsd
505 3197 537 3261 ic
566 3197 596 3261 it
626 3184 763 3262 auchte.
822 3196 866 3261 Se
896 3201 942 3264 ’to
974 3192 1025 3258 dis
1054 3186 1199 3262 awende
1227 3194 1307 3261 God

254 3293 432 3360 almichtin
454 3286 596 3362 awende
618 3296 671 3361 his
700 3287 830 3361 ansene
853 3315 899 3360 on
924 3285 1102 3361 domesdai
1119 3296 1207 3361 from
1223 3296 1306 3375 him,

254 3385 363 3460 bslten
381 3396 423 3460 he
441 3397 469 3461 it
488 3387 528 3460 ἓν
544 3387 608 3461 her
623 3394 664 3461 de
682 3394 799 3462 radere
814 3388 907 3461 be'te.

723 3563 844 3575 ...ιι-

693 3643 869 3714 Mcccn.

640 3769 661 3812 *
686 3767 910 3833 HARALD.

307 3893 346 3972 ›1‹
375 3892 586 3957 Hunnunus
607 3913 669 3957 rex
692 3896 731 3976 »χι
755 3893 870 3958 Elrico
890 3892 933 3956 de
957 3889 1192 3956 Lundresford
1215 3885 1307 3957 salui

251 3991 395 4055 remittit
412 3992 477 4055 sibi
500 3994 795 4075 transgressiones
815 3987 886 4058 faoi
905 4012 968 4076 pro
989 3991 1114 4056 comite
1136 3989 1304 4077 Godwino

250 4107 366 4152 coram
383 4090 450 4155 diio
466 4089 500 4154 Α
518 4139 636 4157 .....
