2850 4876
446 343 618 392 cnnnunn
644 342 987 392 nnenosnxonlcnn.
1195 333 1241 395 99

596 599 826 668 nccnxn

556 717 778 830 sinsin,
800 749 877 815 cro.

237 896 281 979 ›1‹
310 895 487 962 Funerum
513 897 648 962 sortiter
670 897 877 963 detestanda
901 895 1085 962 totillantis
1106 899 1236 962 saeculi

186 994 321 1076 piacula
342 996 427 1060 diris
449 997 640 1063 obscoenae
665 998 924 1081 horrendaeque
944 998 1065 1062 mortis
1085 998 1234 1062 circum·

184 1101 282 1177 septa
301 1094 497 1174 latratibus,
520 1111 589 1162 non
610 1117 674 1162 noa
694 1099 810 1180 patria
829 1098 992 1180 indeptae
1015 1098 1111 1180 pacis
1135 1117 1236 1160 secu-

184 1213 250 1270 ros,
265 1195 329 1258 sed
346 1197 446 1278 quasi
456 1196 612 1261 foetidae
627 1198 846 1280 corruptelae
862 1198 898 1260 iu
914 1198 1118 1279 uoraginem
1134 1215 1234 1260 casu·

183 1311 240 1357 ros
257 1296 480 1376 prouocando
496 1305 706 1373 ammonent,
718 1304 757 1361 ut
773 1317 816 1361 ea
827 1303 902 1361 toto
913 1297 1038 1359 mentis
1053 1296 1234 1359 conamine

183 1411 260 1456 cum
287 1395 425 1458 casibus
453 1396 527 1459 suis
553 1415 623 1460 non
648 1396 760 1460 solum
791 1395 1011 1478 despiciendo
1038 1395 1098 1458 sed
1126 1396 1232 1458 etiam

183 1491 281 1556 uelut
303 1492 518 1559 fastidiosam
543 1494 767 1559 melancoliae
790 1514 955 1559 nauseam
979 1494 1232 1558 abhominando

183 1590 368 1672 fugiamus,
393 1589 573 1659 tendentes
598 1594 645 1659 ad
667 1594 752 1659 illud
776 1594 1025 1677 propheticum,
1053 1593 1232 1659 ‘Diuitias

182 1689 212 1754 si
238 1690 395 1770 affluant,
416 1693 524 1759 nolite
545 1711 606 1757 cor
631 1694 827 1776 apponere?
887 1692 970 1772 Qua
986 1692 1030 1757 de
1058 1712 1095 1756 re
1114 1692 1233 1757 intima

184 1790 284 1871 quasi
310 1793 505 1876 peripsema
528 1793 792 1876 quisquiliarum
815 1791 989 1870 abiiciens,
1015 1810 1166 1874 superna
1186 1792 1243 1855 ad:

183 1887 293 1952 instar
312 1893 563 1972 praetiosorum
581 1893 759 1957 monilium
777 1891 922 1974 eligens,
940 1891 1089 1954 animum
1108 1892 1232 1973 sempi-

185 1989 294 2053 ternis
315 1990 350 2053 in
375 1991 512 2072 gaudiis
538 1991 660 2073 figens,
688 1991 733 2055 ad
762 1990 1017 2074 adipiscendam
1046 1989 1231 2055 mellifluae

184 2086 373 2153 dulcedinis
415 2090 683 2155 misericordiam
727 2090 1036 2173 perimendamque
1076 2087 1232 2153 infinitae

184 2185 336 2252 laetitiae
354 2189 614 2267 iocunditatem,
630 2209 697 2272 ego
719 2189 872 2272 Eadgar,
890 2208 951 2271 per
966 2188 1233 2271 omnipatrantis

185 2285 376 2367 dexteram,
409 2285 517 2354 totius
544 2289 747 2354 Britanniae
778 2289 876 2370 regni
907 2288 995 2352 solio
1024 2285 1233 2365 sullimatus,

185 2387 359 2469 quandam
394 2390 483 2452 ruris
521 2390 728 2472 particulam
768 2405 819 2453 m.
856 2387 1018 2452 uidelicet
1062 2393 1232 2464 cassatos,

185 2485 219 2549 iu
246 2486 325 2552 loco
356 2488 417 2571 qui
447 2489 572 2553 celebri
597 2496 646 2553 eet
670 2488 773 2553 Stoce
800 2495 1022 2570 nuncupatur
1049 2485 1233 2563 uocabulo,

185 2592 329 2650 sanctae
358 2588 414 2651 dei
436 2588 642 2664 aecclesiae,
673 2583 721 2652 ad
754 2588 981 2651 reuerentiam
1011 2587 1105 2650 beati
1133 2584 1231 2650 Petri

186 2685 421 2768 apostolorum
463 2687 639 2771 principis,
675 2706 808 2752 necnon
848 2688 971 2751 beatae
1009 2685 1234 2750 AEbeldri’dae

184 2793 371 2869 perpetuae
400 2787 545 2869 uirginis
579 2787 768 2864 dedicatae,
792 2787 876 2851 loco
908 2787 968 2869 qui
999 2786 1125 2850 celebri
1152 2785 1233 2867 Elig

185 2894 403 2968 nuncupatur
429 2893 603 2965 onomate,
624 2888 669 2951 ob
692 2896 852 2951 aeternae
874 2885 1098 2952 beatitudinis
1119 2904 1234 2949 remu-

186 2986 409 3065 nerationem,
432 2994 598 3070 perpetua
620 2979 768 3068 largitus
789 3006 865 3050 sum
887 2986 1119 3058 haereditat03
1147 3004 1240 3067 qua-v

185 3084 276 3148 tinus
300 3104 359 3149 rus
384 3087 579 3169 praefatum
604 3086 649 3150 ad
674 3106 758 3150 usus
783 3086 1028 3151 monachorum
1055 3083 1140 3149 inibi
1173 3084 1237 3149 dc-·

184 3184 351 3264 gentium,
386 3187 438 3250 uti
469 3184 706 3251 AEbelwoldus
740 3185 922 3267 episcopus
959 3205 1022 3249 sno
1061 3183 1231 3249 famulatu

185 3283 345 3361 obtinuit,
367 3285 492 3351 devote
513 3285 697 3352 deseruiat
742 3282 929 3348 Praedicta
947 3283 1106 3366 equidem
1129 3283 1232 3347 tellus

186 3402 266 3446 cum·
293 3385 453 3450 omnibus
484 3385 700 3462 utensilibus,
734 3382 843 3466 pratis
877 3382 1051 3459 uidelicet,
1081 3383 1232 3464 pascuis,

184 3482 386 3548 molendinis
414 3503 457 3549 ac
480 3484 697 3561 suburbanis,
722 3481 943 3566 supradictae
969 3481 1098 3563 iugiter
1125 3481 1232 3544 subii-

185 3589 305 3646 ceatur
333 3584 531 3651 aecclesiae.
583 3584 637 3648 Sit
667 3590 783 3648 autem
810 3583 1025 3666 praedictum
1052 3599 1111 3645 rus
1139 3583 1233 3644 omni

187 3688 341 3748 terrenae
365 3683 545 3748 seruitutis
565 3685 648 3765 iugo
667 3683 825 3761 liberum,
842 3683 954 3748 tribus
971 3680 1140 3763 exceptis,
1156 3686 1233 3744 rata

186 3781 345 3847 uidelicet
382 3783 615 3866 expeditione,
651 3785 767 3865 pontis
800 3783 937 3847 arcisue
968 3779 1232 3845 restauratione.

187 3879 222 3944 Si
253 3883 332 3964 quis
365 3883 473 3964 igitur
505 3883 593 3946 hanc
625 3889 778 3945 nostram
817 3880 1037 3945 donationem
1070 3880 1108 3943 in
1138 3879 1232 3943 aliud

186 3999 288 4061 quam
313 3972 555 4047 constituimus
582 3980 765 4046 transferre
788 3978 950 4054 uoluerit,
970 3979 1127 4061 priuatus
1150 3999 1232 4044 cou-

185 4083 291 4146 sortio
320 4089 462 4145 sanctae
496 4080 551 4144 dei
585 4079 782 4155 aecclesiae,
815 4077 964 4142 aeternis
987 4078 1147 4143 barathri
1181 4079 1234 4143 in·

1047 4194 1093 4239 na
