2850 4876
187 332 253 398 128
447 345 619 395 curnula
643 342 985 392 nucaosrxomcrn.

190 503 331 568 Seaxan
358 502 426 567 and
450 523 496 574 on
520 501 653 567 Middel
675 501 815 569 Seaxan
835 500 967 565 audon
991 499 1078 565 Eunt
1091 498 1245 578 Seaxnn,

188 610 262 670 aaet
284 624 321 667 se
347 603 545 684 arcebiscop
573 603 642 675 mid
669 600 826 666 hisselfes
850 588 918 665 atie
946 587 1126 682 geahnode
1142 598 1244 669 Gode

192 704 259 767 and
276 711 395 768 sancte
412 700 553 766 Andrea
562 702 631 766 mid
643 691 721 766 dum
736 691 849 768 bfrcan
865 720 910 765 on
926 700 1057 765 cristes
1072 690 1186 765 hrode
1197 706 1246 766 tia

188 803 272 867 land
297 801 338 866 oe
367 791 544 867 Le6fsunu
571 801 643 864 him
670 791 804 867 titeih.
865 798 945 865 And
970 798 1066 864 liaene
1089 787 1136 863 ἥδ
1161 787 1241 864 nam

189 903 363 984 Wulfsige
393 921 431 965 se
457 892 654 984 scirigman,
683 890 728 965 da
757 900 801 964 he
828 899 931 964 uolde
962 891 1097 965 totiens
1123 899 1243 982 cinges

189 1002 326 1082 handa3
351 1000 419 1065 and
441 990 518 1067 offer
532 1014 612 1065 w'aes
637 990 708 1084 giu
737 989 822 1065 efica
848 1006 906 1064 ten
928 999 1069 1064 hundan
1090 1018 1241 1065 mannan

188 1106 233 1167 tie
246 1108 337 1168 nane
353 1089 401 1166 att
416 1101 572 1166 sealdan.

546 1314 887 1383 MGGLXXXIX.

532 1465 796 1542 AEDELRED,
818 1465 895 1541 995,

245 1604 284 1684 ›1‹
306 1599 495 1680 Qurcomo
511 1599 760 1682 perpetualiter
785 1617 990 1682 permanens
1011 1617 1034 1663 a
1055 1599 1242 1665 saeculari-
1263 1602 1269 1611 '

189 1701 254 1765 bus
280 1702 397 1782 agitur
425 1699 512 1764 seris
543 1699 735 1763 litterarum
760 1698 903 1763 firmiter
930 1698 1056 1762 muniri
1082 1700 1239 1778 debetur,

189 1801 271 1882 quia
285 1800 459 1872 hominum
478 1799 612 1880 fragilis
632 1799 798 1863 memoria
819 1798 996 1862 moriendo
1010 1798 1239 1878 obliuiscitur,

189 1901 282 1983 quod
296 1901 467 1983 scriptura
482 1899 674 1964 litterarum
687 1898 859 1962 seruando
873 1898 1006 1962 retinet.
1060 1898 1163 1964 Unde
1173 1919 1239 1983 ego

189 2000 365 2077 AEtielred,
388 2000 502 2081 gratia
525 1999 580 2065 dei
599 1997 795 2079 Anglorum
813 2016 888 2075 rex,
905 1997 1039 2088 eunctis
1052 2000 1140 2064 meis
1157 2000 1238 2066 nolo

190 2110 310 2166 notum
341 2101 462 2164 adesse
492 2098 662 2175 fidelibus
692 2097 783 2180 quod
815 2116 881 2179 ego
905 2097 980 2162 iure
1008 2092 1238 2165 haereditario

189 2201 325 2265 cuidam
358 2218 434 2263 meo
463 2198 564 2263 militi
595 2198 732 2262 nomine
763 2194 932 2279 AElielwig
960 2197 1113 2281 quinque
1139 2200 1238 2265 trado

189 2318 342 2377 mansos,
356 2299 392 2362 in
410 2298 495 2362 uilla
510 2317 600 2380 quae
615 2317 637 2361 a
651 2297 743 2362 notis
758 2303 904 2362 uocatur
919 2296 1103 2364 Eardulfes
1119 2300 1188 2378 lea,
1199 2308 1237 2365 ut

189 2401 263 2465 uita
280 2398 405 2463 comite
422 2417 482 2461 eos
497 2396 694 2478 possideat;
719 2404 755 2461 et
770 2403 954 2481 postquam
972 2396 1046 2462 dies
1062 2392 1238 2464 extremus

190 2500 263 2563 eius
296 2497 459 2562 clauserit
489 2496 620 2572 oculos»,
652 2497 855 2580 cuicumque
886 2497 998 2561 amico
1021 2497 1173 2564 uoluerit
1189 2490 1238 2563 'in

190 2603 393 2681 perpetuam
430 2595 647 2679 derelinquat
686 2597 950 2679 possessionem.
1025 2595 1079 2662 Sit
1118 2604 1236 2663 autem

189 2715 353 2781 praesens
373 2693 515 2759 donatio
538 2696 699 2760 absoluta
719 2697 762 2759 ab
778 2697 872 2760 omni
886 2695 1003 2761 seruili
1017 2696 1112 2779 iugo,
1127 2698 1237 2763 tribus

190 2806 305 2863 tamen
336 2796 438 2859 rebus
462 2795 628 2879 exceptis,
657 2795 817 2878 populari
842 2796 975 2860 scilieet
1006 2797 1237 2880 expeditione,

189 2898 278 2960 arcis
311 2895 579 2972 constructione,
608 2896 723 2978 pontis
754 2895 1017 2960 restauratione.
1078 2896 1238 2976 Qualiter

189 3015 273 3061 uero
288 3013 451 3077 praesens
466 2993 609 3058 terrain
629 3013 706 3059 meu
727 2994 906 3059 aduenerit
921 3014 1026 3060 mauu
1041 2982 1141 3061 breui
1158 2998 1237 3062 uolo

189 3096 370 3181 enucleare
386 3112 553 3158 sermone.
605 3093 692 3158 Tres
703 3093 827 3159 fratres
841 3094 877 3157 in
890 3094 1038 3177 quodam
1050 3095 1237 3163 residentes

189 3194 362 3271 conuiuio,
381 3213 527 3277 qnorum
552 3212 643 3258 unus
670 3193 784 3271 homo,
802 3195 946 3259 nomine
971 3193 1121 3272 Leofric,
1138 3196 1236 3262 insti·

192 3301 297 3377 gante
312 3293 450 3358 diabolo
465 3293 601 3358 furatus
615 3300 670 3358 est
683 3292 837 3368 frenum
862 3313 931 3377 quo
947 3294 1089 3360 inuento
1104 3295 1141 3360 in
1151 3297 1237 3362 eiu's·

189 3395 267 3459 dem
281 3395 360 3458 sinu
375 3393 511 3458 concito
528 3395 632 3457 cursu
648 3393 707 3477 qui
722 3393 854 3458 frenum
868 3393 1101 3475 perdiderunt,
1115 3402 1151 3460 et
1167 3403 1237 3462 tres

183 3495 327 3571 fratres,
343 3492 511 3577 praedicti
529 3491 768 3571 saturemini,
786 3493 921 3558 concito
936 3513 1040 3558 cursu
1057 3494 1188 3560 bellum
1200 3495 1236 3560 in

183 3593 338 3658 inuicem
365 3593 583 3673 insurgentes
609 3590 777 3667 inierunt;
802 3592 937 3656 duobus
963 3613 1047 3658 uero
1071 3593 1237 3660 fratribus

188 3694 226 3758 in
250 3691 343 3757 bello
363 3691 564 3774 peremptis,
580 3688 719 3755 AElfuod
740 3692 801 3757 sed
824 3699 860 3756 et
876 3692 1011 3770 AElfric,
1032 3695 1094 3758 uix
1110 3696 1237 3759 tercius

191 3790 401 3861 AE’deluuine
428 3809 516 3855 ‚cum
558 3789 735 3872 praedicto
771 3790 906 3856 latrone
946 3793 1059 3856 euasit
1097 3802 1238 3860 sanctae

184 3891 350 3963 Helenae
371 3890 505 3955 intrans
527 3889 751 3965 aecclesiam
782 3891 1127 3957 circummanentibus
1153 3899 1236 3960 uer'o

183 3989 275 4065 haec
290 3988 409 4059 eadem
437 3989 668 4066 audientibus,
684 3990 876 4072 AEtteluuig
898 4010 995 4055 meus
1017 3995 1236 4075 praepositus

185 4089 222 4151 in
239 4087 479 4170 Bucingaham
493 4095 528 4152 et
536 4088 693 4171 Wmsrge
709 4089 927 4173 praepositus
941 4109 986 4156 on
998 4090 1236 4172 Oxonntorda‚
