2850 4876
348 383 520 433 ossanna
545 384 888 435 ancnossxomcsn.
1094 369 1140 432 75

525 639 710 707 Mocnv.

449 761 671 867 sinsin,
695 789 771 859 sos.

139 941 180 1022 ›1‹
209 937 430 1004 Connrsnsr
458 957 521 1004 nos
553 958 674 1004 sacrae
706 938 925 1004 auctoritatis
951 940 1134 1024 scriptura,

87 1039 216 1117 dicens,
231 1045 242 1072 ‘
257 1037 383 1102 Nudus
398 1058 559 1120 egressus
572 1059 650 1103 sum
665 1059 711 1104 ex
727 1046 825 1104 utero
841 1040 962 1105 matris
976 1061 1085 1116 meae,
1101 1049 1137 1106 et

86 1139 198 1203 nudus
214 1145 373 1203 reuertar
386 1138 469 1202 illuc
480 1139 507 1220 3'
530 1146 566 1207 et
579 1140 716 1216 iterum,
740 1138 798 1203 ‘N
799 1139 881 1203 ichil
896 1141 1074 1205 intulimus
1100 1141 1136 1205 in

86 1237 176 1302 hunc
192 1237 371 1314 mnndum,
387 1257 507 1302 uerum
527 1259 591 1305 neo
614 1240 659 1308 ab
680 1259 722 1304 eo
744 1238 880 1304 auterre
902 1241 985 1322 quid
1006 1242 1135 1324 poteri-

86 1337 184 1403 mus?
237 1338 460 1420 Quapropter
484 1339 608 1404 lubrici
636 1345 838 1422 potentatus
866 1359 936 1403 non
956 1341 1135 1418 inmemor,

85 1456 149 1518 ego
179 1437 334 1519 Eadgar,
365 1436 505 1504 Christo
530 1428 727 1504 conferente
758 1458 822 1503 rex
855 1447 891 1503 et
921 1440 1136 1522 primicerius

85 1538 196 1602 tocius
227 1535 399 1614 Albionis,
430 1538 528 1622 regni
567 1539 744 1621 fastigium
781 1538 903 1602 humili
935 1540 1135 1623 praesidens

85 1638 212 1716 animo,
235 1636 279 1702 ob
302 1639 610 1703 remunerationem
636 1636 776 1703 maioris
798 1639 955 1721 praemii,
977 1640 1136 1723 aliquan·

86 1737 195 1802 talam
221 1737 312 1800 ruris
339 1738 548 1819 particulam
576 1755 621 1805 .n.
648 1746 884 1821 comparatam
904 1741 1062 1817 cassatis,
1080 1740 1137 1804 cui

86 1836 293 1903 uocabulum
312 1844 407 1901 certa
427 1838 674 1920 astipulatione
692 1837 871 1902 Mercham
887 1839 1072 1921 profertur,
1089 1840 1134 1904 ad

86 1935 290 2001 aecclesiam
319 1936 443 2001 beatae
474 1937 620 2015 Mariae,
648 1938 825 2019 genitricis
855 1938 910 2002 dei
940 1957 982 2002 ac
1007 1938 1136 2003 domini

87 2037 196 2101 nostri
214 2035 322 2100 Ihesu
340 2035 482 2115 Christi,
499 2039 536 2101 in
552 2037 628 2102 loco
644 2037 703 2120 qui
721 2036 846 2102 dicitur
861 2036 1072 2115 Abbandun,
1089 2039 1133 2103 ad

87 2154 168 2203 usus
184 2135 313 2200 ibidem
326 2136 470 2201 fratrum
485 2137 551 2202 deo
566 2137 789 2202 seruientium
802 2138 949 2202 libenter
963 2138 1113 2202 concedo
1124 2159 1134 2220 ;

86 2237 271 2301 obsecrans
293 2243 329 2301 et
349 2237 564 2319 praecipiens
586 2238 622 2301 in
645 2237 783 2301 nomine
803 2237 946 2314 Christi,
968 2246 1008 2302 ut
1034 2258 1134 2303 nemo

86 2355 325 2402 successorum
339 2344 533 2402 nostrorum
549 2337 736 2419 superioris
750 2337 804 2401 uel
820 2337 991 2401 inferioris
1006 2339 1134 2420 gradus

84 2433 149 2501 hoc
175 2444 317 2500 nostrae
341 2436 535 2502 deuotionis
557 2436 686 2502 donum
707 2436 824 2520 aliquo
847 2437 1051 2502 temeritatis
1069 2439 1134 2502 ali·

86 2542 258 2619 quatenus
286 2535 453 2601 instinctu
477 2536 680 2620 disrumpat.
742 2537 795 2601 Sit
819 2528 934 2602 antem
958 2539 1135 2621 praedicta

86 2636 202 2713 telluS,
223 2654 328 2717 quam
350 2656 428 2717 ego,
449 2656 526 2699 cum
551 2655 722 2701 consensu
741 2637 945 2720 optimatum
968 2658 1133 2715 meorum,

86 2736 243 2818 praefato
261 2735 408 2817 largitus
426 2755 503 2799 sum
517 2737 694 2814 coenobio,
715 2737 758 2801 ab
776 2739 871 2802 omni
887 2745 1045 2813 terrenae
1064 2758 1134 2802 ser-

85 2835 207 2900 uitutis
230 2836 313 2917 iugo
333 2835 453 2912 libera,
476 2836 586 2900 trihus
608 2836 662 2899 his
685 2839 853 2920 exceptis,
873 2845 952 2902 rata
973 2837 1134 2902 uidelicet

87 2935 318 3019 expeditione,
347 2934 464 3018 pontis
497 2937 633 3001 aroisne
661 2938 923 3003 restauratione.
989 2937 1026 3001 Si
1056 2938 1134 3021 quis

85 3043 202 3100 autem
220 3034 392 3101 larnarico
406 3036 589 3101 instinctus
610 3035 745 3121 spiritu,
768 3037 834 3102 hoc
856 3038 982 3102 donum
1002 3037 1134 3102 uiolare

86 3137 313 3202 immutareue
348 3144 633 3219 presumptuosus
661 3139 895 3218 temptauerit,
928 3138 997 3202 nisi
1029 3138 1134 3221 digna

85 3235 322 3305 satisfactione
360 3233 442 3301 ante
478 3235 610 3301 obitum
652 3255 753 3299 snum
792 3251 875 3307 ‘reus
912 3238 1133 3319 poenituerit,

85 3334 235 3401 aeternis
249 3334 405 3399 barathri
418 3343 614 3417 prostratus
632 3333 799 3399 incendiis
814 3353 892 3397 cum
909 3335 1000 3399 Iuda
1016 3338 1133 3420 prodi·

85 3442 159 3501 tore
175 3434 305 3499 Christi
318 3434 538 3499 aeternaliter
552 3434 709 3517 lugubris
722 3434 895 3517 puniatur.
948 3434 1017 3498 His
1031 3435 1132 3499 metis

85 3534 277 3616 praefatum
301 3553 360 3598 rus
383 3534 462 3597 hinc
487 3533 566 3597 inde
590 3543 744 3618 gyratur.
798 3533 860 3597 Dis
879 3534 910 3598 is
926 3521 1014 3597 dara
1031 3525 1131 3615 liftig

85 3626 179 3726 hyda
195 3623 431 3715 landgemffira
448 3623 486 3696 t6
504 3633 748 3700 Merchamme.
793 3633 913 3699 AErest
937 3633 977 3698 of
994 3632 1131 3698 Eoccan

85 3752 129 3798 on
143 3721 257 3796 mffine
273 3724 367 3807 mo'r3
396 3733 437 3797 of
446 3721 557 3798 mffine
573 3753 686 3798 moere
701 3726 752 3817 sip
768 3753 812 3797 on
828 3725 936 3799 hwite
954 3722 1070 3807 more3
1095 3734 1137 3797 of

85 3823 192 3898 hwite
210 3822 306 3896 m6re
326 3851 372 3895 on
391 3821 551 3897 healoces
572 3832 730 3914 hamme;
754 3833 795 3896 of
811 3823 978 3898 hfiauokes
995 3830 1131 3897 hamme

85 3953 129 3997 on
161 3931 407 4007 Tuhbasorda;
444 3932 485 3996 of
507 3932 734 3997 Tuhhaforda'
757 3931 910 4013 andlang
943 3921 1057 3996 m'ores
1091 3923 1131 3998 t6

86 4022 300 4114 AEppelti'rne
333 4051 378 4095 on
405 4037 496 4096 tione
528 4022 632 4111 hr603
670 4031 711 4096 ol
737 4036 818 4094 tlaen
845 4022 950 4097 hrboe
975 4051 1020 4096 on
1045 4030 1132 4098 hone

85 4136 187 4214 paei53
222 4130 263 4195 of
292 4129 378 4196 hane
397 4130 483 4214 pade
503 4151 548 4196 on
580 4136 670 4195 bone
699 4128 823 4192 ealdan
856 4131 963 4215 hege3
995 4133 1036 4197 ol
1058 4123 1130 4197 dan

572 4528 1189 4834 mn
