2850 4876
458 392 629 441 cusnrsn
655 395 1000 449 sucuossxomosu.
1190 388 1252 453 181

204 547 336 631 patriae
362 567 570 632 magnopere
596 554 739 638 adipisci
767 557 975 637 properant!
1030 556 1160 623 Iccirco
1186 579 1252 641 ego

205 639 297 710 Cnut
322 667 386 710 rex
412 647 605 730 Anglorum
633 662 915 737 caeterarumque
945 657 1098 736 gentium
1126 658 1160 721 in
1188 660 1251 722 cir·

204 752 297 816 cuitu
313 754 569 835 persistentium
586 755 796 836 gubernator
809 760 845 817 et
861 762 985 832 rector,
998 757 1169 837 quandam
1185 760 1252 823 mei

206 852 337 935 proprii
367 854 452 916 iuris
481 840 674 934 portionem
708 870 780 917 .vu.
814 859 926 916 terrae
957 873 1095 919 mansas
1123 856 1184 920 illo
1216 858 1251 920 in·

206 951 280 1015 loco
303 952 364 1016 ubi
384 952 582 1015 iamdudum
600 952 763 1016 solicolae
779 951 873 1015 illius
886 953 1035 1034 regionis
1051 974 1175 1020 nomen
1186 956 1250 1020 im-

205 1059 395 1132 posuerunt
426 1050 580 1127 Hortun,
608 1071 685 1116 meo
715 1051 808 1115 fideli
843 1052 1012 1130 ministro,
1043 1074 1145 1136 quem
1178 1057 1252 1119 noti

206 1157 312 1233 atque
330 1149 448 1216 affines
471 1151 562 1215 Boni
579 1151 755 1234 appellare
772 1150 898 1227 solent,
914 1152 1078 1217 confirmo
1094 1153 1251 1218 haeredi·

206 1257 334 1324 tatem3
360 1251 523 1332 quatinus
536 1250 594 1313 ille
613 1251 702 1315 bene
724 1249 921 1332 perfruatur
942 1269 984 1314 ac
1005 1253 1252 1334 perpetualiter

205 1349 391 1431 possideat,
419 1349 584 1432 quamdiu
611 1349 697 1413 deus
725 1369 787 1430 per
808 1369 906 1412 suam
928 1350 1118 1415 mirabilem
1146 1353 1249 1416 mise·

205 1449 388 1512 ricordiam
422 1449 531 1512 uitam
561 1449 612 1511 illi
641 1450 687 1513 et'
706 1448 848 1512 uitalem
876 1449 1035 1530 spiritum
1064 1451 1250 1516 concedere

204 1547 373 1622 uoluerit3
405 1548 528 1612 deinde
554 1567 702 1630 namque
728 1547 794 1613 sibi
819 1547 1016 1611 succedenti
1045 1551 1249 1633 cuicumque

205 1645 343 1712 libuerit
367 1647 554 1711 cleronomi
577 1648 650 1711 iure
679 1646 907 1710 haereditario
934 1646 1162 1731 derelinquat,
1185 1670 1249 1715 ceu

206 1747 474 1829 supradiximus,
504 1748 542 1810 in
573 1753 747 1811 aeternam
779 1745 1037 1810 haereditatem.
1104 1748 1250 1814 Maneat

204 1845 312 1927 igitur
327 1845 392 1910 hoc
410 1853 566 1910 nostrum
582 1845 756 1910 immobile
778 1846 904 1908 donum
926 1855 1069 1909 aeterna
1089 1847 1249 1913 libertate

204 1945 399 2022 iocundum,
417 1966 495 2009 cum
520 1946 690 2009 uniuersis
716 1945 887 2026 quaerite
905 1944 948 2008 ad
970 1946 1117 2009 eundem
1134 1947 1248 2011 locum

204 2045 374 2127 pertinere
390 2046 629 2121 dinoscuntur,
645 2051 717 2108 tam
734 2045 770 2106 in
785 2045 919 2125 magnis
935 2062 1038 2125 quam
1054 2046 1090 2107 in
1107 2046 1249 2110 modicis

202 2144 316 2222 rebus,
333 2145 370 2207 in
391 2145 535 2226 campis,
552 2145 703 2226 pascuis,
727 2144 849 2225 pratis,
867 2143 977 2219 siluis,
991 2144 1126 2221 riuulis,
1140 2163 1247 2226 aqua·

205 2262 348 2326 rumque
365 2243 534 2319 cursibus,
550 2249 696 2325 excepto
714 2242 806 2324 quod
821 2243 992 2305 communi
1010 2243 1137 2319 labore,
1155 2244 1246 2325 quod

205 2343 362 2406 omnibus
390 2342 519 2424 liquide
550 2348 657 2423 patet,
688 2340 849 2405 uidelicet
874 2340 1106 2422 expeditione,
1132 2342 1249 2426 pontis

204 2442 469 2517 constructione,
490 2442 623 2504 arcisue
644 2439 844 2504 munitione.
895 2439 932 2502 Si
957 2448 1073 2503 autem
1096 2448 1250 2523 tempore

203 2541 387 2622 contigerit
412 2540 528 2622 aliquo
555 2539 751 2621 quempiam
780 2537 955 2602 bominum
983 2539 1131 2620 aliquem
1159 2539 1249 2605 anti-

204 2641 357 2724 quiorem
391 2640 515 2703 librum
547 2647 668 2704 contra
696 2638 798 2701 istius
828 2637 906 2701 libri
937 2637 1134 2703 libertatem
1168 2660 1248 2723 pro·

203 2739 339 2812 ducere,
361 2759 424 2821 pro
444 2739 571 2803 nichilo
592 2743 821 2820 computetur.
873 2736 910 2801 Si
932 2737 1011 2818 quis
1031 2745 1148 2802 autem
1168 2739 1249 2804 tetri

204 2838 381 2902 daemonis
403 2839 570 2902 instinctu
596 2837 661 2901 hoc
688 2842 843 2900 nostrum
866 2835 1040 2900 decretum
1063 2837 1250 2919 infringere

203 2938 362 3012 uoluerit,
392 2939 439 3001 sit
463 2939 538 3019 ipse
569 2956 591 3000 a
614 2943 756 3001 sanctae
782 2936 837 2998 dei
861 2935 1049 3000 aecclesiae
1076 2938 1249 3002 consortio

202 3044 393 3120 separatus,
421 3043 457 3100 et
485 3035 708 3100 infernalibus
739 3035 961 3099 aeternaliter
988 3035 1136 3100 flammis
1169 3055 1248 3100 cum

204 3136 293 3201 Iuda
311 3135 440 3201 Christi
457 3134 860 3217 proditorecruciandus,
877 3133 943 3197 nisi
958 3134 1014 3197 hic
1031 3137 1127 3217 prius
1144 3136 1254 3217 digna.

203 3235 439 3300 satisfactione
457 3235 664 3317 poenituerit
682 3233 774 3316 quod
791 3239 914 3297 contra
935 3240 1089 3296 nostrum
1105 3234 1250 3316 deliquit

202 3335 389 3399 decretum.
428 3332 520 3399 Acta
537 3354 620 3398 uero
638 3340 691 3398 est
708 3350 871 3415 praesens
891 3333 1092 3414 pargameni
1107 3333 1248 3398 scedula

202 3453 293 3498 anno
307 3434 497 3497 dominicae
514 3433 759 3498 incarnationis
775 3431 955 3496 millesimo
969 3447 1122 3495 .xxxu1.
1139 3431 1248 3498 indic·

203 3534 296 3597 tione
312 3553 395 3597 uero
412 3534 533 3616 prima.
587 3532 671 3596 Istis
689 3532 841 3595 terminis
859 3531 1058 3614 supradicta
1075 3538 1168 3594 terra
1185 3530 1248 3592 cir·

203 3633 395 3714 cumgirata
411 3640 477 3696 est.
522 3633 641 3695 AErest
658 3631 802 3695 cealdan
825 3621 908 3695 broc
926 3638 1003 3715 scyt
1024 3650 1068 3694 on
1086 3628 1250 3693 winbur-

204 3751 291 3810 nan3
323 3731 364 3795 of
386 3732 603 3796 Winburnan
623 3751 667 3795 on
692 3719 932 3812 Mapoldorlea
959 3727 1250 3806 middeweardne;

179 3832 242 3895 ·of
263 3820 504 3914 Mapoldorlea
527 3832 632 3893 innan
654 3817 804 3902 sande&
834 3821 877 3893 stt
899 3829 939 3893 of
959 3817 1093 3893 eastlea
1115 3846 1161 3890 on
1182 3825 1251 3892 bart

198 3929 360 4013 slaeget3¹
384 3930 424 3994 of
433 3918 516 3995 tam
532 3927 689 4011 slaegete²
703 3949 748 3992 on
762 3919 938 3992 sfisoeara
955 3919 1206 3992 suneweardne
1218 3923 1250 4000 3³

234 4084 242 4115 ¹
260 4083 292 4130 In
308 4097 341 4131 au
358 4082 474 4143 equaeval
491 4080 568 4141 haud,
585 4079 655 4129 these
666 4079 751 4128 words
768 4093 811 4128 are
828 4079 928 4127 written
942 4091 1000 4127 over
1016 4077 1058 4126 the
1074 4078 1135 4141 line,
1149 4077 1251 4140 liulaege

197 4167 260 4203 mor.
354 4149 451 4201 ²0ver
461 4150 503 4199 the
514 4149 740 4210 line,inachirste.
828 4146 924 4198 ³Over
934 4147 976 4195 the
987 4144 1131 4204 [incidite
1141 4144 1251 4210 witiges.
