2850 4876
182 313 226 380 82
439 332 611 382 curasan
633 332 976 392 anonossxouroan.

189 490 390 572 supradicta
414 496 507 553 terra
533 490 579 554 sit
604 489 752 560 liberata
777 491 822 554 ab
843 491 935 554 omni
958 489 1088 556 tributo
1114 486 1238 571 regali,

191 589 365 671 uectigali,
383 589 458 653 siue
474 589 566 654 notis
590 588 664 653 siue
684 590 825 671 ignotis,
843 589 983 654 maioris
1005 589 1063 653 uel
1080 588 1238 667 minoris,

190 690 355 772 quamdiu
377 688 563 754 christiana
584 690 668 753 fides
689 690 726 753 in
748 691 849 753 terris
872 698 1041 754 seruatur.
1098 688 1137 753 Si
1159 688 1239 772 quis

190 790 278 853 hanc
294 789 566 854 benedictionem
585 789 757 871 largitatis
772 809 902 871 augere
917 789 982 854 deo
997 789 1157 866 uoluerit,
1173 806 1240 853 sua

190 891 283 953 bona
312 891 348 953 in
377 890 518 955 coelesti
545 910 654 972 regno
675 898 870 972 augeantur
894 897 930 955 et
953 888 1238 972 multiplicentur.

192 990 238 1054 Et
263 991 324 1073 qui
348 989 437 1054 hanc
459 990 680 1054 donationem
702 1010 814 1056 meam
835 989 1058 1073 temptauerit
1078 988 1240 1070 frangere

191 1097 253 1154 aut
277 1089 479 1167 diminuere,
505 1090 688 1154 anathema
711 1091 758 1154 sit
778 1097 956 1156 maranata
979 1090 1017 1154 in
1039 1089 1096 1153 die
1120 1088 1240 1153 iudicii

191 1197 272 1254 ante
289 1190 441 1255 tribunal
458 1189 599 1269 Christi,
613 1190 680 1254 nisi
696 1197 776 1254 ante
786 1210 863 1255 cum
877 1188 1113 1255 satisfactione
1124 1207 1241 1253 emen-

192 1290 338 1355 dauerit.
389 1289 518 1355 Actum
535 1299 589 1356 est
602 1290 668 1354 hoc
682 1309 774 1355 anno
789 1291 833 1355 ab
853 1290 1091 1355 incarnatione
1109 1289 1241 1354 domini

191 1391 300 1454 nostri
318 1390 424 1454 lhesu
440 1390 569 1454 Christi
591 1385 879 1475 ,nccc[c].nxv11.
902 1389 1088 1454 indictione
1104 1406 1180 1453 .xv.

249 1493 288 1572 ›1‹
310 1490 386 1571 Ego
402 1490 585 1573 Eadgarus
606 1509 669 1553 rex
685 1489 775 1554 hanc
792 1491 960 1556 cartulam
976 1490 1081 1571 signo
1097 1495 1241 1554 sanetae

192 1591 302 1654 crucis
332 1589 462 1655 Christi
487 1590 708 1655 corroboraui
736 1598 774 1655 et
797 1590 1000 1655 confirmaui
1023 1587 1240 1655 consentiens

192 1696 229 1752 et
247 1690 446 1773 subscripsi,
468 1698 504 1755 et
526 1697 682 1755 caeteros
705 1695 812 1754 testes
835 1691 977 1755 idoneos
997 1697 1036 1754 ut
1060 1689 1104 1754 ad
1124 1690 1239 1773 ipsum

193 1796 335 1870 agerem
365 1791 506 1855 adhibui
537 1809 684 1872 quorum
713 1791 854 1855 nomina
877 1791 969 1855 infra
994 1789 1123 1872 scripta
1147 1795 1240 1854 sunt.

199 1892 238 1971 ›1‹
261 1890 337 1972 Ego
356 1889 433 1954 Odo
449 1889 727 1974 archiepiscopus
744 1892 902 1956 consensi
915 1897 951 1956 et
963 1889 1162 1973 subscripsi.
1195 1893 1236 1971 »1⁴

194 1989 270 2070 Ego
287 1989 476 2055 Wulfhere
486 1990 570 2055 dux.
627 1991 666 2070 ›1‹
686 1989 763 2071 Ego
779 1990 1066 2055 Beorhtwlsdux.
1104 1993 1145 2071 »1⁴
1163 1989 1240 2081 Ego

195 2088 386 2153 Brihtwald
404 2089 488 2156 dux.
546 2093 585 2172 ›1‹
605 2089 683 2171 Ego
697 2089 860 2154 Ealhferd
880 2091 1064 2173 episcopus
1082 2087 1241 2154 consensi

193 2196 229 2252 et
246 2189 442 2272 subscripsi.
486 2192 525 2271 ›1‹
542 2189 619 2271 Ego
636 2188 754 2254 Mucel
768 2190 853 2256 dux.
897 2192 937 2271 ›1‹
955 2190 1031 2272 Ego
1046 2188 1240 2255 Eastmnnd

194 2287 278 2352 dux.
336 2292 375 2371 ›1‹
398 2289 474 2371 Ego
495 2288 675 2353 Eadmund
700 2291 882 2373 episcopus
910 2290 1069 2355 consensi
1096 2297 1132 2355 et
1159 2291 1242 2354 suh·

194 2387 325 2470 scripsi.
388 2391 427 2470 ›1‹
458 2388 534 2469 Ego
561 2387 753 2453 AEttelwulf
773 2391 856 2454 dux.
924 2393 963 2472 ›1‹
993 2389 1129 2454 AEllred
1154 2389 1240 2454 dux.

200 2489 239 2568 ›1‹
271 2486 424 2550 AElfstan
449 2488 534 2551 dux.
603 2489 642 2568 ›1‹
670 2489 828 2555 Wulsred
857 2490 941 2554 dux.
1012 2493 1051 2572 ›1‹
1081 2489 1241 2555 Werfred

194 2585 277 2650 dux.
335 2588 374 2667 ›1‹
398 2585 537 2650 Garwlf
546 2587 712 2653 minister.
771 2592 810 2671 ›1‹
833 2588 1004 2654 Ealheard
1022 2591 1139 2654 abbas.
1172 2593 1237 2672 ’ᾖ

196 2683 389 2749 AEbelward
408 2688 600 2769 presbyter.
641 2689 680 2770 ›1‹
698 2689 841 2754 AEcbert
858 2690 1023 2754 minister.
1068 2691 1107 2770 ›1‹
1126 2688 1243 2753 Wulf-

195 2784 287 2848 helm
307 2785 471 2850 minister.
529 2785 568 2867 ›1‹
597 2786 775 2852 AEdelstan
796 2789 986 2870 presbyter.
1043 2792 1082 2871 ›1‹
1102 2787 1242 2872 AEgfn'd

195 2884 360 2947 minister.
417 2889 456 2968 ›1‹
479 2884 576 2951 Acca
592 2887 759 2952 minister.
815 2890 854 2969 ›1‹
875 2887 958 2954 AEla
974 2888 1141 2954 minister.
1199 2889 1238 2971 >1⁴

196 2983 341 3066 Wynsie
358 2985 523 3050 minister.
581 2989 620 3068 ›1‹
640 2986 776 3051 AElfred
794 2988 960 3053 minister.

628 3282 817 3369 nccax,

561 3402 781 3513 sinsin,
806 3433 881 3498 scr.

252 3576 291 3655 ›1‹
307 3574 351 3638 ΙΝ
369 3575 506 3639 nomine
523 3575 652 3639 domini
663 3580 772 3643 nostri
785 3579 891 3644 lhesu
903 3581 1054 3648 Christi!
1085 3582 1191 3651 Anno
1201 3587 1245 3652 ab

196 3673 431 3737 incarnatione
447 3675 576 3738 domini
594 3678 704 3741 nostri
722 3678 827 3744 lhesu
843 3680 971 3746 Christi
990 3700 1243 3752 .ncccc.t,xvn.

197 3771 385 3836 indictione
401 3789 452 3836 .x.
476 3793 542 3855 ego
558 3775 709 3857 Eadgar,
727 3777 844 3845 diuina
869 3780 1102 3847 allubescente
1119 3787 1245 3866 gratia,

198 3889 260 3933 rex
300 3878 335 3933 et
372 3873 584 3953 primicerius
621 3873 826 3957 Anglorum‚
867 3880 1118 3963 aliquantulam
1156 3887 1245 3950 ruris

198 3974 332 4048 partem
357 3972 400 4034 ab
429 3972 555 4038 accolis
581 3975 798 4043 aestimatam
825 3980 1083 4059 mansiunculis,
1106 3983 1142 4046 in
1169 3985 1245 4051 loco

197 4067 256 4150 qui
282 4066 406 4133 dicitur
428 4079 475 4135 aet
503 4073 745 4155 Bragenfelda‚
775 4096 851 4142 meo
868 4080 987 4145 comiti
1009 4080 1244 4162 Beorhtnotto,
