2850 4876
180 350 244 418 164
436 364 608 416 curaris
630 357 976 411 rueuosaxonrcan.

183 527 378 610 episcopus,
441 526 481 605 ›1‹
508 521 584 604 Ego
616 515 810 582 AE’delwold
838 515 1034 597 episcopus·
1097 512 1137 592 ›1‹
1162 508 1239 590 Ego

187 626 313 710 Lyfing
330 624 522 706 opiscopus,
577 619 622 704 »Β
641 617 718 700 Ego
735 614 938 700 Bryhtwald
954 612 1149 695 episcopus
1195 611 1234 690 ›1‹

189 728 266 808 Ego
294 722 446 787 AEbelric
480 721 674 803 episcopus.
736 717 877 799 ›14Ego
911 710 1082 776 AElfward
1121 710 1240 774 abbas.

195 828 234 907 ›1‹
253 825 329 906 Ego
343 816 619 904 AElssigeabbasss
679 820 719 900 ›1‹
736 817 813 899 Ego
825 813 1015 880 Brihtwald
1028 812 1148 876 abbas.
1197 809 1237 888 ›1‹

192 925 268 1006 Ego
300 923 423 988 AElsric
451 923 535 986 dux.
592 922 631 1001 ›1‹
655 918 733 1000 Ego
764 915 939 980 Leofwine
965 913 1048 977 dux.
1104 912 1149 992 ›1‹-
1165 908 1242 991 Ego

193 1024 327 1088 Uhtred
354 1023 439 1086 dux.
495 1022 535 1101 ›1‹
557 1020 634 1100 Ego
659 1017 840 1083 AEtielmer
863 1013 1029 1079 minister.
1095 1012 1135 1092 ›1‹
1168 1008 1246 1090 Ego

194 1124 336 1206 AElfgar
351 1121 518 1186 minister.
576 1121 615 1200 ›1‹
633 1119 709 1201 Ego
724 1115 877 1181 Brihtric
888 1113 1055 1177 minister.

611 1414 836 1481 Mcccvll.

464 1565 726 1644 AEDELRED,
748 1565 772 1630 J
775 1582 862 1644 unu,
884 1565 983 1630 1012.

253 1718 297 1801 ›1‹
309 1714 444 1780 Anam
454 1722 493 1779 ut
507 1715 616 1780 fertur
629 1715 802 1797 quondam
819 1714 960 1781 saecula
973 1713 1064 1778 haud
1076 1713 1253 1780 homiuum

202 1817 367 1882 toxicatis
389 1815 517 1880 insecta
538 1815 713 1898 nequitiis
727 1815 788 1879 sed
804 1834 892 1898 pura
908 1813 1131 1896 simplicitate
1144 1836 1254 1881 remo-

203 1917 250 1982 tis
272 1916 506 1980 simultatibus
528 1916 655 1998 ubique
681 1916 833 1998 uigente,
854 1915 960 1980 nullis
981 1916 1163 1980 territoriis
1190 1936 1254 1981 usa

203 2025 414 2095 noscuntur;
438 2023 475 2080 at
496 2022 615 2080 nostra
637 2023 735 2080 aetas
753 2015 859 2079 liuida
881 2014 1078 2080 mortalium
1094 2016 1256 2100 maligni·

205 2125 279 2182 tate
308 2116 455 2193 fuscata,
483 2135 524 2180 ac
552 2115 764 2180 multimodis
793 2115 948 2180 cladibus
972 2116 1126 2195 obsessa,
1150 2135 1257 2182 causa

206 2217 427 2281 uitandarum
448 2215 573 2292 litium,
593 2215 747 2279 terminis
768 2215 901 2280 telluris
929 2216 1090 2298 propriae
1110 2224 1257 2300 exoptat

206 2318 349 2401 perfrui,
382 2335 471 2399 quae
501 2323 617 2380 tamen
647 2316 785 2380 iusticia
816 2315 1038 2393 emendanda,
1075 2316 1259 2399 prudentia

208 2412 689 2499 gubernanda'temperantia
704 2415 864 2493 tenenda,
880 2415 1081 2480 fortitudine
1098 2418 1259 2482 corrobo-

208 2517 318 2580 randa
336 2523 408 2590 est;
433 2524 469 2580 et
485 2516 521 2579 in
538 2515 603 2579 hac
620 2515 695 2580 uita
711 2515 806 2578 labili
822 2514 964 2579 summis
978 2515 1103 2580 studiis
1118 2523 1260 2582 aeterna

211 2615 413 2680 mortalibus
430 2616 613 2680 mercanda
628 2621 692 2682 est.
744 2613 848 2680 Unde
861 2634 927 2696 ego
945 2615 1152 2681 AEoelrodus
1168 2616 1261 2682 basi·

212 2716 286 2781 leus
314 2717 426 2780 tocius
448 2714 619 2793 Albionis‚
646 2714 889 2798 omnipotentis
916 2714 973 2779 dei
997 2722 1084 2779 nutu
1109 2723 1262 2799 regente,

213 2816 349 2881 cuidam
364 2815 521 2880 ministro
532 2835 609 2880 mco
624 2815 779 2879 mihimet
794 2815 940 2878 fideliter
957 2816 1159 2898 obsequenti
1174 2815 1261 2882 Leo·

215 2916 321 2979 fricus
344 2916 523 2979 uocamine
546 2915 719 2998 quoddam
740 2915 829 2978 ruris
846 2904 1113 2993 amminiculum,
1133 2916 1264 2982 scilicet

215 3013 1262 3099 decemcassatos,proprioiurepossidendumlargitertribuo

216 3117 252 3179 in
275 3114 360 3179 uilla
385 3133 474 3197 quae
491 3115 621 3179 famose
638 3135 660 3179 a
676 3113 834 3178 ruricolis
859 3113 1060 3198 Hwitcyrce
1083 3116 1211 3181 dicitur
1229 3117 1264 3181 in

217 3214 397 3298 prouincia
429 3214 710 3279 Oxnafordnensi
742 3215 811 3278 sita
840 3213 942 3277 iuxta
973 3215 1084 3297 ripam
1113 3215 1264 3281 fluminis

219 3316 397 3396 Tamesis3
425 3322 464 3379 ut
484 3314 591 3378 libere
617 3313 691 3379 uoti
716 3333 869 3396 compos,
895 3314 969 3377 uita
992 3315 1129 3393 comite,
1155 3317 1264 3400 possi·

219 3417 313 3492 deat,
327 3423 363 3479 et
374 3416 429 3479 cui
440 3415 577 3478 haeredi
590 3413 730 3478 libuerit
741 3414 967 3495 derelinquat.
999 3413 1053 3478 Sit
1063 3415 1149 3479 haec
1163 3415 1266 3481 lellus

220 3537 298 3581 cum
316 3514 528 3597 appendiciis
547 3514 619 3577 suis
640 3514 749 3577 libera
772 3515 817 3577 ab
838 3515 931 3578 omni
953 3515 1141 3579 saecularis
1163 3516 1267 3581 serui·

222 3619 308 3681 tutis
328 3616 465 3690 honere,
486 3613 641 3696 exceptis
665 3632 753 3696 quae
776 3613 935 3678 omnibus
955 3615 1150 3679 communia
1175 3623 1269 3694 sunt,

221 3715 382 3780 uidelicet
393 3714 585 3796 procinctu,
594 3713 710 3796 pontis
723 3715 857 3778 arcisue
869 3709 1140 3797 recuperatione,
1149 3724 1270 3782 nostra

221 3815 428 3879 auctoritate
449 3813 585 3877 sibimet
605 3820 640 3877 et
659 3813 862 3878 haeredibus
885 3833 947 3896 per
972 3820 1129 3898 tempora
1144 3823 1270 3881 cuncta

223 3933 458 3995 permansura.
510 3913 555 3977 Et
568 3912 599 3977 si
612 3912 701 3977 forte
716 3914 886 3996 quispiam
899 3912 989 3977 hanc
997 3922 1151 3980 nostram
1165 3901 1272 3992 dona·

223 4015 364 4089 tionem,
376 4013 468 4096 quod
481 4013 584 4088 absit,
596 4012 774 4076 adnullare
783 4013 963 4093 satagerit,
973 4021 1007 4078 ct
1016 4013 1122 4097 impie
1131 4017 1270 4100 proprio

223 4111 374 4176 dominio
399 4113 498 4177 subdi
514 4112 686 4189 maluerit,
706 4112 793 4176 sciat
819 4130 858 4176 se
875 4132 971 4178 reum
996 4113 1070 4178 sore
1092 4114 1271 4182 iustissimi
