2850 4876
184 337 249 403 126
433 357 605 405 ouauuau
628 356 972 406 nnunosnxoruenu.

185 532 246 581 seu
273 514 311 579 in
339 533 404 580 sua
432 514 652 599 possessione
681 522 745 579 ant
775 514 919 579 seruitio
943 512 1067 579 debito
1098 513 1240 596 priuare

185 615 421 698 temptauerit,
440 616 515 698 ipse
538 622 658 680 nostra
679 614 840 696 omnique
861 613 1100 680 benedictione
1122 613 1180 678 dei
1203 621 1239 678 et

187 720 386 780 sanctorum
407 715 482 779 eius
504 712 671 797 priuetur,
696 715 763 778 nisi
785 713 1052 797 profundissima
1075 714 1237 778 emenda·

187 813 281 878 tione
302 813 390 878 illud
411 814 585 896 corrigere
606 814 747 879 studeat
766 820 803 878 et
824 813 869 878 ad
893 813 1076 896 pristinum
1102 815 1237 879 statum

187 911 280 995 quod
291 912 513 979 defraudeuit
523 913 850 996 redigat,scriptum
866 922 921 979 est
937 915 1051 990 enim,‘
1060 913 1237 996 Raptores

102 1016 105 1021 '
186 1020 223 1077 et
244 1013 405 1095 sacrilegi
435 1033 580 1096 reguum
613 1015 670 1079 dei
696 1033 765 1078 non
789 1013 1067 1097 consequentur!
1130 1012 1237 1078 Nune

187 1119 302 1176 antem
332 1120 475 1196 prepter
504 1113 608 1178 deum
633 1121 670 1179 et
694 1119 851 1178 sanctem
876 1113 1039 1190 Mariam,
1069 1111 1237 1178 inanius

186 1213 323 1277 nomine
344 1212 412 1278 hoo
433 1213 681 1279 monasterinm
696 1212 849 1278 dicatum
865 1220 931 1290 est,
945 1232 1070 1278 moneo
1084 1218 1121 1277 et
1134 1231 1237 1294 prae·

186 1311 289 1394 cipio,
307 1319 347 1376 ut
361 1312 457 1377 nullo
470 1313 573 1377 modo
587 1314 666 1396 quis
681 1312 747 1378 hue
762 1313 1005 1396 praeuaricare
1018 1312 1158 1390 audeat,
1171 1313 1235 1378 sed

185 1411 276 1476 sieut
291 1431 316 1477 a
331 1413 430 1477 nobis
443 1419 612 1477 statutum
628 1420 694 1491 est,
708 1419 749 1477 ut
765 1412 913 1496 praefati
928 1431 1059 1490 sumus,
1073 1419 1237 1495 perpetu-

186 1510 289 1576 aliter
317 1520 465 1577 maneat.
532 1511 602 1592 Qui
634 1513 847 1590 custodierit,
875 1511 971 1576 omni
997 1511 1237 1589 benedictione

187 1611 381 1694 repleatnr3
405 1613 466 1694 qui
486 1630 571 1677 uero
592 1611 798 1694 infringerit,
819 1611 1081 1677 maledicetnra
1094 1612 1237 1679 domino

187 1716 222 1775 et
235 1711 283 1776 eh
299 1710 459 1776 omuibus
472 1712 614 1790 sanctis,
632 1711 756 1779 Amen.
808 1711 1010 1790 Gratanter,
1025 1713 1235 1777 reuerentis-

187 1810 274 1875 sime
289 1810 440 1889 domine,
454 1831 525 1894 quo
539 1813 646 1877 tentis
663 1819 745 1876 tuae
767 1811 866 1876 donis
881 1811 1236 1892 elementiae-seeun-

187 1909 268 1973 dum
282 1910 377 1993 ,quod
403 1911 512 1976 totius
534 1912 699 1977 creatoris
725 1912 833 1976 oosmi
854 1919 908 1976 est
934 1911 1035 1988 uelle,
1057 1911 1235 1994 praeditus

186 2029 278 2088 sum,
293 2030 394 2076 meae
410 2031 550 2094 operam
564 2011 770 2091 uoluntatis,
787 2018 827 2075 ut
844 2031 909 2094 pro
924 2018 961 2076 te
976 2011 1116 2095 tuisque
1131 2011 1233 2077 deum

186 2109 316 2192 iugiter
328 2111 557 2194 interpellem,
574 2112 723 2177 deuotus
743 2111 952 2194 impendam,
977 2130 1141 2195 meosque
1153 2118 1234 2176 utro·¹

187 2226 342 2276 cessores
357 2211 401 2274 ed
422 2210 488 2276 hoo
509 2211 640 2277 hortari
656 2210 814 2289 studebo,
836 2217 877 2276 ut
895 2211 1026 2276 domini
1039 2211 1232 2278 miserm

187 2308 280 2374 diem
301 2330 364 2392 pro
380 2318 415 2376 te
430 2312 607 2393 deprecari
628 2331 697 2376 non
718 2310 889 2388 desinant,
912 2319 953 2376 nt
968 2310 1131 2376 Christus
1146 2330 1233 2395 paee

187 2409 248 2491 qui
269 2410 435 2491 perhenni
457 2418 581 2492 regnat
602 2411 749 2476 aethrali
770 2412 807 2476 in
823 2429 903 2475 aree
919 2417 955 2476 te
969 2411 1145 2477 consortie
1161 2411 1236 2495 dig·

188 2527 270 2573 num
307 2508 425 2573 haberi
447 2508 626 2591 >dignetur
659 2517 859 2581 sanctorum
889 2510 1042 2576 omnium
1078 2510 1116 2577 iu
1152 2511 1236 2577 aula

186 2607 342 2672 coelesti.
387 2608 514 2673 Ueleat
530 2611 567 2673 in
588 2629 715 2675 aeuum
738 2611 799 2692 qni
822 2611 888 2675 hoo
909 2610 1234 2677 studueritaeruere

186 2705 373 2772 decretum.
426 2707 563 2774 Harum
587 2716 708 2775 textus
730 2709 954 2792 epistolarum
972 2717 1053 2774 tres
1079 2718 1163 2775 suut
1182 2710 1233 2775 ed

186 2806 502 2888 praetitulationem
529 2810 629 2876 etad
653 2810 804 2892 signum,
830 2828 901 2873 una
925 2810 961 2872 in
986 2810 1065 2892 ipsa
1079 2810 1233 2876 ,ciuitate

185 2925 277 2988 quae
306 2913 452 2973 uocetur
484 2907 765 2992 Uuigraceaster,
796 2908 909 2972 altera
937 2928 1017 2975 euin
1046 2909 1234 2977 uenenhili

186 3005 371 3071 Duustano
406 3006 666 3094 archiepiscopo
701 3009 737 3072 in
774 3006 976 3086 Cantharia,
1014 3009 1119 3074 tertia
1154 3028 1232 3075 oum

185 3104 419 3171 AEeeluuoldo
433 3107 596 3194 episcopo
610 3111 646 3174 in
662 3107 853 3174 Uuintonie
867 3107 1020 3173 ciuitate.

233 3204 363 3271 Buloto.
413 3207 612 3274 -Iudioulum
637 3207 808 3274 libertatis
840 3208 884 3273 de
911 3207 1093 3274 Oswahles
1124 3206 1233 3275 lewes

182 3304 351 3372 hundred.
385 3354 388 3359 -

646 3402 764 3431 Ἦ

519 3500 897 3592 ucunxxxvm.

469 3672 730 3752 AEDELRED,
750 3672 945 3740 965-993.

235 3813 281 3896 ›1‹
290 3804 371 3879 Dus
385 3799 516 3876 warren
529 3810 580 3871 tta
592 3823 679 3870 seox
688 3805 820 3888 srrlnug
831 3793 1098 3871 eethldaham
1112 3812 1233 3871 sanae

184 3908 325 3993 Andrea
344 3910 486 3991 geseald
507 3897 584 3972 ints)
604 3904 879 3969 Hrufeseeastre.
930 3902 1143 3988 AEttelhryht
1158 3905 1234 3969 eine

184 4006 237 4073 hit
257 3999 434 4090 gehficode
449 3997 533 4075 eam
555 4005 713 4088 apostole
732 4024 778 4069 on
797 3995 861 4068 ece
885 4003 962 4087 yrie
989 4004 1058 4068 aud
1083 3994 1233 4070 heti'ehte

181 4106 235 4172 hit
248 4096 332 4172 llam
354 4109 495 4193 biscopo
518 4095 684 4173 Bardulfe
700 4095 739 4170 tfi
755 4104 947 4169 bewiteune
964 4103 1035 4168 eud
1052 4103 1107 4168 hie
1121 4103 1233 4171 aester
