2850 4876
453 354 626 403 curaris
649 353 988 404 ancaosrxomcna.
1204 343 1245 407 17

208 496 246 567 Et
261 510 345 578 illam
373 515 624 599 possessionem
649 515 684 579 in
708 513 919 598 Scepertune
936 515 1001 579 emi
1025 516 1069 579 ab
1092 515 1242 581 AEltleda

209 600 297 679 uidua
329 632 405 682 mx.
442 616 627 681 bizancteis
660 617 820 692 nummis,
853 622 887 679 et
920 615 998 679 dedi
1029 616 1107 681 loco
1141 636 1239 699 prae-

208 709 327 796 scripto.
380 715 472 780 Item
496 715 663 780 AElsbelm
683 716 813 798 Wolga
839 735 901 796 pro
923 717 1058 780 animae
1080 737 1164 781 suae
1187 738 1239 782 re-

209 812 301 879 medio
312 834 357 882 .v.
372 836 512 881 mansas
521 817 667 898 largitus
684 823 737 880 est
747 817 934 880 coenobitis
947 817 982 879 in
995 818 1239 883 Westminstre

202 915 474 983 etratrersantibus
495 917 529 980 iu
550 917 628 981 loco
645 917 704 998 qui
724 916 965 980 Bricanudune
986 917 1125 1000 uulgari
1144 920 1239 983 uoci-

201 1005 317 1080 tamine
341 1017 478 1082 dicitur.
531 1016 621 1082 Item
647 1016 831 1081 AElfwinus
857 1017 1051 1099 praefectus
1080 1021 1172 1102 regis
1195 1020 1238 1083 de

199 1099 286 1180 llent
305 1134 372 1182 an.
389 1123 546 1184 cassatos
566 1118 731 1182 coenobio
746 1117 904 1199 praefato
925 1137 987 1199 pro
1003 1119 1156 1184 animula
1173 1140 1238 1185 sua

195 1216 413 1300 eonugnque
427 1217 577 1300 largitus
592 1225 645 1282 est
660 1219 695 1282 in
708 1217 786 1282 loco
797 1218 857 1300 qui
875 1216 1135 1300 Scholliugtune
1152 1221 1236 1285 dici-

189 1319 257 1395 tur3
274 1323 311 1381 et
322 1317 385 1381 illa
397 1319 571 1401 possessio
582 1320 619 1382 in
631 1318 780 1382 Perbam
791 1326 871 1401 post
882 1318 955 1382 dies
964 1319 1107 1384 Wlnobi
1116 1321 1235 1386 redeat

188 1415 231 1479 ad
260 1419 456 1501 praefatum
482 1420 683 1484 coenobium
711 1438 815 1501 quam
844 1421 889 1483 ab
913 1419 1031 1483 eodem
1064 1429 1235 1485 mercatus

192 1535 263 1581 sum
291 1534 403 1585 ,xxm
433 1520 605 1584 mancosis
631 1520 718 1584 auri.
776 1520 822 1583 Et
849 1518 935 1582 illud
961 1520 1174 1601 praediolum
1199 1522 1234 1584 in

191 1615 408 1701 Padingtuue
432 1621 619 1685 aecclesiae
644 1620 820 1703 predictae
843 1617 970 1684 addidi.
1023 1619 1113 1683 Item
1137 1641 1234 1704 prae-

190 1716 279 1783 dium
312 1719 399 1784 illud
430 1720 466 1783 in
498 1721 663 1785 Cofeulea
692 1720 868 1802 praefatae
897 1719 1084 1784 aecclesiae
1113 1722 1232 1787 adieci.

190 1816 276 1883 Item
291 1820 471 1903 praedium
484 1821 519 1885 in
536 1820 665 1887 Euelle
680 1820 732 1884 illi
749 1828 871 1885 sancto
886 1821 963 1884 loco
979 1821 1013 1884 in
1032 1831 1232 1906 perpetuam

189 1921 373 2001 perstrinxi
389 1922 650 2002 possessionem.

233 2020 312 2103 Ego
332 2020 512 2103 Eadgarus
530 2043 593 2087 rex
610 2021 802 2104 Anglorum
822 2022 924 2085 buius
941 2023 1110 2087 libertatis
1129 2025 1232 2089 dona-

189 2119 314 2185 tiouem
338 2121 522 2187 clementer
545 2124 654 2188 tocius
676 2123 828 2204 regimen
852 2124 1049 2203 gubernans
1071 2124 1234 2208 episcopo

189 2218 370 2286 Dunstano
386 2222 601 2288 desiderante
618 2225 765 2288 libenter
778 2224 929 2286 concessi
945 2231 980 2287 et
994 2224 1095 2306 signo
1112 2234 1233 2290 sancto

188 2321 348 2405 regia'que
367 2331 540 2405 potestate
559 2324 721 2389 roboraui
742 2325 781 2404 »1⁴
805 2323 840 2385 in
861 2323 990 2388 Christi
1009 2325 1144 2389 nomine
1167 2329 1232 2390 sub

187 2418 303 2486 horum
337 2424 532 2488 testimonio
566 2445 711 2508 quorum
742 2424 881 2487 nomina
910 2424 1102 2489 flauescunt
1133 2427 1232 2491 infra.

193 2521 228 2604 ›1‹
249 2523 327 2604 Ego
356 2524 570 2601 Duustanus,
595 2527 667 2589 acsi
691 2531 853 2607 peccator
874 2531 908 2587 et
936 2527 1071 2590 nomine
1096 2534 1231 2592 tantum

187 2623 378 2706 episcopus,
397 2624 485 2688 banc
501 2626 670 2690 libertatis
687 2624 862 2690 scedulam
884 2625 1109 2709 impressione
1126 2629 1232 2710 sigilli

189 2725 294 2789 nostri
323 2731 359 2788 et
383 2725 501 2788 annuli
526 2726 667 2809 insuper
692 2734 728 2790 et
753 2725 927 2807 agalmate
956 2735 1096 2791 sanctae
1119 2731 1231 2794 crucis

187 2821 367 2908 diligenter
390 2826 614 2907 consignaui3
643 2846 684 2890 ac
710 2825 832 2889 deinde
848 2829 1006 2890 manibus
1032 2829 1075 2891 ad
1096 2830 1229 2893 coelum

187 2925 337 2989 extensis
362 2924 448 3003 dixi,
471 2925 507 2989 Si
536 2927 613 3008 quis
640 2927 727 2991 banc
754 2927 1008 2991 munificentiae
1035 2929 1229 2994 libertatem

185 3033 338 3091 sanetum
357 3025 639 3110 praedictumque
661 3029 787 3103 locum,
808 3028 843 3090 in
864 3029 977 3104 terris,
995 3029 1050 3091 uel
1078 3030 1230 3109 decimis,

185 3126 235 3190 uel
259 3126 341 3191 aliis
367 3126 567 3205 redditibus,
592 3147 652 3192 seu
677 3129 712 3191 in
739 3127 868 3209 aliquo,
892 3129 1020 3193 nostris
1045 3136 1079 3193 et
1105 3129 1230 3194 futuris

183 3225 391 3311 temporibus
408 3229 642 3292 meliorauerit
655 3229 710 3292 uel
728 3227 922 3305 adauxerit,
936 3238 1064 3310 augeat
1078 3230 1128 3293 illi
1145 3231 1230 3295 deus

184 3327 422 3412 perpetuitatis
443 3329 702 3406 beatitudinem,
727 3336 831 3410 atque
857 3330 892 3391 in
916 3330 1041 3392 nostris
1067 3331 1229 3394 orationi-

183 3426 242 3493 bus
260 3436 297 3494 et
312 3429 550 3494 benedictione
566 3430 610 3493 ab
625 3429 783 3494 omnibus
795 3429 947 3511 peccatis
963 3429 1035 3492 suis
1050 3430 1229 3494 absolutus

183 3527 351 3594 foeliciter
374 3537 586 3611 permaneat.
638 3528 708 3608 Qui
737 3550 820 3593 uero
852 3529 941 3593 banc
969 3537 1123 3593 nostram
1152 3549 1230 3595 auc·

183 3629 357 3694 toritatem
365 3629 429 3694 'uel
439 3631 677 3695 inmunitatem
694 3629 879 3712 infringere
894 3630 1055 3707 uoluerit,
1071 3630 1128 3694 uel
1144 3631 1230 3695 alios

184 3730 302 3795 adhoc
318 3731 559 3808 conduxerint,
572 3741 606 3795 et
622 3738 693 3795 tam
705 3751 747 3794 ea
761 3750 850 3813 quae
867 3731 1064 3812 praeteritis
1078 3732 1133 3794 uel
1152 3751 1230 3795 nos-

184 3832 241 3895 tris
253 3832 467 3914 temporibus
479 3839 562 3895 sunt
573 3832 655 3895 data
666 3851 768 3914 quam
783 3851 824 3894 ea
837 3831 970 3913 quaein
985 3830 1100 3895 futuro
1112 3852 1133 3896 a
1146 3833 1230 3897 fide·

182 3927 268 3996 libus
286 3930 402 3994 danda
418 3940 500 3995 sunt
521 3931 647 3996 stolido
665 3932 842 3996 conamine
860 3933 1039 3995 absumere
1057 3933 1229 4014 cogitaue-

185 4030 261 4109 dnt,
277 4032 333 4096 uel
349 4031 489 4114 aliquod
504 4032 772 4109 amminiculum,
789 4040 851 4096 aut
866 4032 1003 4108 caliceS,
1020 4040 1082 4097 aut
1097 4053 1228 4110 cruceS,

187 4148 240 4196 seu
252 4131 457 4211 indumenta
472 4132 606 4209 altaris
625 4133 682 4196 uel
704 4152 822 4197 sacros
842 4133 988 4206 codices,
1014 4151 1147 4210 aurum,
1173 4154 1228 4197 ar-

230 4248 315 4297 τοΜ.
335 4250 383 4296 vr.
1059 4251 1078 4296 c
