2850 4876
182 357 248 423 136
442 372 615 419 CHARTAE
637 370 984 420 ancnosnxomcnn.

185 530 343 595 solidani.
412 533 451 612 »14
482 530 559 612 Ego
591 531 755 595 AElfwold
788 532 971 614 episcopus
1005 531 1242 595 corroboraui.

191 633 230 712 »14
265 631 341 712 Ego
371 629 559 695 Goduuine
583 631 767 714 episcopus
792 629 1022 712 consigillaui.
1088 633 1128 712 »14
1164 631 1243 712 Ego

189 729 298 795 Atulf
309 731 492 813 episcopus
515 732 727 795 confirmaui.
783 733 822 812 »14
844 730 920 812 Ego
939 728 1089 794 Ealdred
1108 731 1243 813 episeo-

188 850 253 914 pus
267 831 429 894 conclusi.
480 833 519 912 »14
541 830 616 913 Ego
633 830 853 896 AE’aelweard
869 831 953 893 dux.
1003 831 1042 910 »14
1060 830 1139 911 Ego
1156 829 1242 894 AEls-

188 931 238 995 ric
255 930 337 996 dux.
404 932 444 1011 »14
466 930 543 1010 Ego
567 931 736 995 AElfhelm
763 931 845 994 dux.
907 930 949 1015 »14
977 930 1053 1011 Ego
1081 929 1245 1012 Leofsige

187 1031 271 1096 dux.
330 1030 466 1112 »14Εςο
490 1030 668 1096 AE'eelmer
696 1030 781 1094 dux.
838 1033 877 1112 »14
909 1029 985 1110 Ego
1010 1029 1140 1094 Ordulf
1157 1030 1243 1094 dux.

195 1133 233 1211 »14
256 1129 332 1212 Ego
348 1129 481 1211 Wlfget
496 1130 578 1193 dux.

240 1229 316 1294 Nos
333 1231 486 1294 uniuersi
508 1231 600 1317 regis
620 1229 805 1312 optimates
827 1229 907 1294 huic
927 1229 1045 1310 regiae
1062 1230 1243 1295 donationi

189 1331 376 1393 unanimen
393 1349 600 1395 consensum
616 1329 779 1393 alacriter
794 1329 1028 1412 praebuimus.

240 1429 371 1494 Rubrio.
416 1429 481 1495 Dis
499 1431 529 1493 is
544 1436 619 1495 ’aas
645 1428 761 1512 hagan
784 1420 851 1494 boc
868 1425 913 1494 on
928 1428 1147 1494 Winceastre
1174 1430 1242 1494 and

190 1527 249 1593 lies
275 1529 414 1593 healfan
442 1522 552 1595 ireres
578 1537 625 1595 aet
655 1529 921 1610 Braegentforda
945 1528 1012 1592 and
1039 1534 1114 1593 aas
1136 1548 1243 1594 aecer-

191 1630 337 1713 splottes
358 1636 404 1695 ’oe
423 1619 545 1703 offerto,
559 1621 617 1706 lio,
638 1628 679 1693 te
699 1627 861 1694 AElielred
883 1629 1011 1712 cyning
1033 1620 1146 1711 gelide
1161 1629 1241 1694 God

192 1730 407 1812 elmihtigum
425 1733 492 1794 and
506 1731 559 1795 his
575 1721 703 1811 hilgan
719 1729 903 1812 apostolan
923 1728 1026 1794 Petre
1043 1729 1110 1793 and
1131 1728 1243 1794 Paule

190 1821 265 1894 into
281 1830 416 1895 Ealdan
432 1838 585 1915 mynstre
603 1850 647 1894 ou
667 1820 727 1894 ece
742 1829 955 1912 inhyrnesse.
1079 1836 1084 1847 “

659 2013 779 2026 ..n——

604 2131 840 2199 mccxcm.

534 2283 799 2362 mannaan,
816 2248 897 2346 'oea

246 2434 288 2519 »14
310 2434 438 2499 Omma
456 2419 545 2517 quae
562 2436 598 2498 in
614 2435 679 2497 hoc
697 2433 825 2496 mundo
843 2432 885 2496 ad
902 2430 1065 2496 solatium
1089 2434 1243 2498 mortalis

192 2533 286 2596 uitae
300 2534 383 2598 data
400 2543 481 2599 sunt
498 2533 703 2617 temporalia
717 2539 809 2610 sunt,
825 2552 867 2596 ea
885 2551 967 2597 uero
983 2532 1121 2615 quaein
1138 2553 1243 2617 regno
1270 2613 1273 2620 Ι

192 2633 334 2699 coelesti
354 2635 484 2698 sanctis
503 2633 673 2717 promissa
691 2640 774 2697 sunt
790 2632 864 2697 sine
888 2633 955 2696 fine
970 2633 1241 2716 permanebunt;

191 2733 320 2797 idcirco
345 2733 398 2797 his
424 2735 568 2798 terrenis
594 2734 802 2816 caducisque
824 2733 988 2798 coelestia
1014 2742 1050 2798 et
1078 2752 1241 2799 mansura

191 2834 344 2915 praemia
375 2853 503 2916 magno
534 2854 637 2917 opere
669 2853 871 2897 mercamur.
924 2832 1146 2916 Quapropter
1177 2853 1241 2916 ego

190 2932 411 3010 AEttelredus,
427 2935 537 3016 regali
554 2935 662 2999 fretus
678 2952 700 2997 a
714 2933 853 2998 domiuo
870 2932 1052 3019 dignitate,
1070 2934 1116 2997 ob
1130 2953 1241 2999 remu·

191 3033 402 3096 perationem
437 3035 576 3098 maioris
605 3034 760 3117 praemii,
789 3032 1039 3115 aliquantulam
1072 3033 1240 3099 modicam

189 3133 337 3195 numinis
351 3133 416 3196 mei
431 3136 651 3217 particulam,
661 3135 759 3198 binas
774 3133 936 3197 uidelicet
948 3152 1100 3210 mansae,
1113 3135 1149 3198 in
1163 3134 1239 3200 loco

189 3231 248 3313 qui
266 3233 309 3295 ab
327 3235 454 3298 accolis
471 3234 692 3320 Bynsingtun
712 3234 793 3298 land
817 3234 1025 3311 nominatur,
1043 3234 1154 3300 tribus
1170 3233 1238 3299 fra·

189 3331 299 3396 tribus
329 3335 413 3397 meis
443 3335 651 3411 hominibus,
684 3333 847 3398 uocitatis
878 3333 1004 3399 Eadric
1030 3343 1065 3399 et
1094 3333 1240 3417 Eadwig

187 3439 291 3514 atque
315 3432 464 3498 Ealdred
485 3435 705 3499 aeternaliter
719 3433 959 3516 possidendam
975 3435 1137 3510 concedo,
1156 3453 1241 3518 qua-

188 3533 280 3596 tinus
308 3533 382 3596 uita
411 3534 536 3598 comite
558 3534 713 3598 hilariter
740 3533 960 3617 possideant3
992 3542 1027 3599 et
1053 3542 1238 3618 postquam

188 3633 423 3696 uniuersitatis
454 3633 546 3696 uiam
575 3632 732 3708 adierint,
762 3633 1035 3717 quibuscumque
1066 3633 1239 3701 noluerint

187 3731 393 3795 cleronomis
416 3730 605 3797 liberaliter
629 3733 887 3813 inperpetuum
910 3733 965 3796 ius
985 3734 1236 3818 derelinquant.

187 3829 245 3913 Sit,
273 3837 387 3895 autem
419 3832 598 3915 praedicta
629 3832 719 3894 ruris
751 3831 923 3915 particula
956 3837 1049 3899 omni
1081 3842 1236 3899 terrenae

185 3931 364 3994 seruitutis
388 3931 471 4014 iugo
498 3932 618 4011 libera,
643 3932 754 3996 tribus
779 3932 947 4015 exceptio,
974 3941 1051 3999 rata
1075 3935 1236 3999 uidelicet

185 4028 416 4110 expeditione,
447 4034 563 4115 pontis
598 4032 731 4097 arcisue
766 4033 1028 4098 restauratione.
1095 4034 1134 4100 Si
1158 4036 1236 4118 quis

183 4127 291 4209 igitur
331 4128 418 4193 hanc
459 4139 611 4211 nostram
652 4131 872 4197 donationem
915 4133 950 4196 in
990 4133 1083 4198 aliud
1129 4155 1239 4219 quam.
