2850 4876
183 318 226 384 18
443 334 615 386 celanen
637 335 985 387 nuccosnxoruonn.

187 501 342 577 gentum,
366 495 423 557 uel
449 494 725 577 qualemcunque
750 493 900 577 speciem
927 493 1054 558 ibidem
1078 491 1245 557 collatam

189 596 321 677 eripere
345 596 604 677 temptauerint,
619 596 676 658 uel
691 595 778 659 alios
800 594 843 657 de
870 595 971 658 rebus
992 593 1086 657 illius
1109 592 1244 657 aeccle·

190 697 263 760 siae
281 696 588 772 baereditauerint,
605 694 839 778 fratribusque
855 695 1008 759 eiusdem
1021 694 1089 757 loci
1100 694 1177 760 uim
1190 692 1244 757 in·

191 795 280 860 ferre
303 797 608 879 praesumpserint,
631 796 688 859 uel
710 815 770 859 eos
797 795 924 859 iniuste
945 792 1244 869 contristauerint,

193 916 327 962 necnon
348 905 383 962 et
405 897 494 961 banc
511 896 686 961 scedulam
705 896 928 978 cartulasque
944 914 1063 978 regum
1080 893 1138 958 uel
1156 893 1246 961 alio·

193 1017 267 1060 rurn
287 997 439 1061 fidelium
458 997 502 1060 ad
522 996 753 1062 defensionem
774 1003 810 1060 et
833 996 1011 1060 tuitionem
1033 995 1101 1059 loci
1115 992 1246 1059 ibidem

194 1099 278 1161 data
300 1098 434 1163 auferre
451 1117 512 1161 seu
532 1104 687 1162 euertere
711 1096 917 1174 studuerint,
932 1097 1071 1181 ignibus
1092 1094 1246 1161 aeternis

194 1198 403 1263 cruciatibus
421 1199 596 1280 perpetuis
619 1197 697 1262 illos
721 1197 856 1274 damus,
879 1196 1115 1262 maledicimus
1138 1201 1247 1279 atque

196 1300 676 1381 excommunicamus,p0rtas
688 1297 834 1362 coelicis
845 1297 1049 1374 claudimus,
1061 1303 1096 1361 et
1108 1295 1248 1363 eelem-

195 1406 253 1463 tur
275 1401 414 1464 nomina
438 1420 556 1464 eorum
582 1399 624 1462 de
643 1398 731 1462 libro
754 1399 860 1475 uitae,
882 1399 997 1480 sitque
1017 1416 1100 1481 pars
1125 1414 1247 1461 eorum

194 1519 273 1564 cum
293 1499 383 1565 Iuda
405 1500 532 1565 domini
557 1498 736 1576 traditore,
761 1499 828 1563 nisi
850 1499 1055 1581 resipiscant
1075 1504 1112 1561 et
1133 1495 1248 1561 tribue

196 1600 297 1664 annis
315 1620 336 1664 a
351 1601 589 1665 communione
608 1599 754 1663 fratrum
774 1599 983 1681 sequestrati
1000 1597 1248 1682 poenitentiam

196 1707 312 1781 agant.
371 1703 409 1782 ›1‹
441 1702 518 1783 Ego
543 1700 725 1766 Oswoldus
749 1700 900 1764 Eburum
923 1699 1110 1764 aecclesiae
1133 1697 1250 1763 archi·

197 1802 380 1884 episcopus
395 1802 495 1865 buius
513 1801 768 1865 munificentiae
785 1807 1046 1865 conseruatores
1063 1798 1250 1879 benedixi3

197 1903 468 1966 contradictores
483 1921 566 1965 uero
584 1909 750 1984 perpetuo
767 1901 953 1983 dampnaui
979 1900 1108 1976 dicenS,
1127 1898 1248 1964 Effun-

197 2003 258 2066 dat
273 2001 433 2066 dominus
450 2013 555 2086 super
573 2021 633 2066 eos
656 2003 743 2066 iram
766 2021 878 2079 suam,
896 2010 931 2066 et
950 2001 1046 2065 furor
1067 2001 1139 2064 irae
1161 2018 1250 2064 suae

198 2103 468 2185 comprehendat
485 2122 554 2168 eos.
613 2105 651 2184 ›1‹
673 2103 749 2184 Ego
765 2101 961 2167 AElfstanus
980 2099 1153 2166 Roffensis
1169 2119 1252 2165 aec-

199 2203 325 2267 clesiae
347 2204 529 2286 episcopus
553 2203 643 2268 hanc
664 2203 858 2269 libertatem
882 2207 1146 2284 augmentantes
1174 2201 1252 2284 regi

199 2324 320 2385 regum
340 2304 589 2380 commendaui,
619 2304 850 2367 destructores
879 2310 994 2369 autem
1025 2303 1076 2365 sic
1103 2301 1252 2367 dicendo

200 2404 376 2480 maledixi,
392 2404 521 2468 Ueuiat
536 2415 628 2468 mors
645 2423 749 2487 super
765 2403 855 2481 illos,
869 2410 905 2469 et
920 2402 1181 2468 descendentia
1196 2402 1252 2467 in·

200 2504 312 2567 ferum
337 2505 507 2568 uiuentes
564 2502 1251 2585 ›1‹EgoAElfagusWintoniensis‘aee-

200 2603 326 2668 clesiae
349 2605 531 2686 episcopus
554 2604 646 2669 illius
670 2604 737 2669 loci
759 2604 965 2669 adauctores
984 2603 1089 2668 Ihesu
1106 2601 1251 2669 Christo

202 2704 416 2786 consignaui,
431 2706 612 2769 inuaseres
635 2725 757 2788 nempe
777 2706 925 2770 aeternis
949 2705 1158 2770 cruciatibus
1178 2711 1253 2769 tra-

201 2804 284 2882 didi,
308 2805 436 2883 dicens,
460 2805 541 2870 Non
565 2806 612 2869 sit
633 2806 702 2869 illis
724 2826 806 2888 pax,
822 2825 892 2873 uon
915 2804 1161 2883 misericordia,
1178 2822 1252 2873 non

200 2907 324 2987 pictae,
354 2906 413 2970 sed
447 2913 557 2971 terror
588 2905 809 2983 infernorum,
837 2905 1023 2971 crudelitas
1046 2925 1253 2986 poenarum,

201 3006 360 3088 impietas
394 3007 618 3072 cruciatuum.
690 3008 728 3087 ›1‹
769 3007 845 3088 Ego
876 3007 1034 3071 Escwine
1064 3008 1252 3091 episcopus

202 3106 410 3170 Dorecensis
425 3108 612 3171 aecclesiae
636 3106 702 3175 hoc
723 3107 845 3184 adieci,
861 3107 1078 3173 Erubescant
1094 3108 1251 3173 destruc·

202 3213 294 3270 tores
308 3208 500 3288 praesentis
517 3208 585 3272 loci
603 3215 637 3273 et
653 3209 900 3273 conturbentur
919 3208 955 3272 in
978 3208 1155 3273 saeculum
1171 3227 1253 3274 sae·

203 3307 272 3371 culi
286 3315 321 3371 et
336 3307 589 3373 confundentur
602 3316 637 3373 et
650 3317 812 3391 pereant3
831 3308 1067 3374 benefactores
1082 3316 1201 3375 autem
1215 3311 1254 3376 in

204 3415 379 3472 aeternum
406 3409 536 3475 uiuant.
606 3411 644 3490 ›1‹
676 3410 752 3490 Ego
783 3409 948 3476 AE'eulfus
975 3411 1114 3494 praesul
1142 3409 1254 3478 Here·

203 3508 371 3573 fordensis
401 3509 589 3573 aecclesiae
619 3507 686 3574 hoc
711 3508 801 3574 idem
828 3509 893 3575 hoc
923 3510 1042 3575 dicens
1071 3509 1254 3592 affirmaui,

205 3609 385 3673 Maledicti
399 3609 467 3674 sint
483 3616 640 3692 raptores
652 3609 746 3673 illius
763 3617 906 3674 sanctae
921 3611 1111 3677 aecclesiae
1126 3612 1164 3676 in
1180 3634 1254 3679 om-

203 3710 305 3775 nibus
320 3710 481 3790 operibus
491 3711 580 3788 suis,
594 3716 629 3773 et
642 3709 678 3772 in
694 3709 850 3775 omnibus
866 3711 933 3776 uiis
948 3712 1033 3788 suis,
1046 3719 1083 3779 et
1096 3713 1133 3777 in
1146 3733 1252 3780 cunc·

205 3809 250 3874 tis
266 3809 563 3874 adinueutionibus
576 3809 648 3873 suis
660 3812 797 3892 prauis;
816 3810 1054 3879 benefactores
1066 3833 1151 3878 uero
1163 3814 1253 3882 adeo

205 3910 459 3974 benedicantur.
517 3912 557 3994 ›1‹
580 3911 657 3992 Ego
674 3912 874 3976 AEuelsinus
898 3915 1080 3997 episcopus
1103 3914 1254 3982 Sobiree·

205 4010 387 4075 bernensis
413 4010 599 4077 aecclesiae
622 4013 821 4096 supradicta
842 4014 892 4076 sic
914 4014 1081 4094 conclusi,
1100 4015 1254 4095 Quicun-

205 4131 273 4194 que
294 4109 434 4173 inferior
450 4112 507 4175 uel
524 4113 702 4179 sublimior
723 4123 844 4179 contra
867 4115 957 4179 bunc
979 4116 1133 4183 libellum
1156 4119 1253 4202 quic·
