2850 4876
438 355 610 403 curaris
632 357 978 406 nncuosnxoulcnn.
1190 341 1234 404 93

594 585 841 654 uccuxvr.

534 726 782 840 *uincla
804 761 879 826 oss.

239 916 279 997 ᾧ
294 915 371 977 Eoo
385 912 535 995 Eadgar,
550 910 737 975 altithrono
749 909 1025 984 adminiculante,
1039 909 1231 993 Anglorum

186 1020 466 1096 caeterarumque
481 1014 635 1095 gentium
650 1012 685 1074 in
702 1010 848 1074 circuitu
865 1009 1030 1073 triuiatim
1048 1013 1231 1092 persisten-

186 1114 269 1177 tium
286 1112 451 1190 basileus,
467 1120 507 1176 ut
523 1111 625 1176 huius
647 1109 858 1194 dapsilitatis
881 1108 1059 1173 altithroni
1079 1112 1231 1176 modera-

186 1215 269 1278 toris
287 1212 471 1277 clementia
492 1212 625 1276 merear
640 1212 796 1293 optinere
817 1210 1040 1286 consortium,
1057 1212 1230 1293 quandam

184 1310 312 1378 'rusculi
328 1311 549 1394 particulam,
565 1313 601 1374 in
618 1311 703 1375 locis
717 1311 886 1391 direptam
910 1304 1057 1373 .uxrn1.¹
1074 1314 1229 1377 cassato·

183 1433 271 1489 rum,
294 1412 388 1496 quod
410 1412 575 1476 solicolae
597 1410 738 1476 huiusce
761 1409 958 1492 prouinciae
982 1410 1230 1477 Bedcuuindan

183 1511 352 1589 uocitant,
367 1531 446 1576 oum
465 1512 625 1576 omnibus
640 1510 849 1574 utilitatibus
869 1509 913 1572 ad
935 1529 1011 1573 eam
1036 1512 1101 1575 rite
1123 1515 1228 1594 perti*-

185 1609 356 1688 nentihus‚
370 1612 514 1694 campis,
532 1611 642 1688 siluis,
654 1610 775 1693 pratis,
789 1609 938 1691 pascuis,
950 1611 1145 1692 piscuariis,
1162 1613 1230 1678 Aa

184 1711 397 1776 heudonensi
407 1711 594 1775 aecclesiae
603 1711 799 1791 designans,
809 1708 948 1772 domino
959 1719 1080 1775 nostro·
1088 1713 1230 1796 eiusque

185 1811 344 1893 genitrici
374 1811 519 1886 Mariae,
547 1810 783 1874 AEtteluuoldo
815 1809 993 1891 optinente
1020 1812 1157 1890 abbate,
1186 1816 1229 1878 ad

185 1931 283 1975 usum
306 1910 551 1976 monachorum
572 1910 658 1974 inibi
683 1909 892 1990 degentium,
919 1920 1058 1975 aeterna
1084 1912 1230 1994 largitus

184 2031 257 2074 sum
276 2011 501 2075 haereditate.
553 2010 606 2074 sit
625 2017 740 2074 autem
756 2009 949 2091 praelatum
968 2030 1039 2088 rus,
1055 2013 1146 2092 quod
1164 2033 1231 2094 ego

184 2131 259 2174 cum
290 2129 461 2175 consensu
490 2112 696 2193 optimatum
727 2129 879 2173 meorum
908 2110 1032 2174 deuote
1065 2115 1230 2190 concessi,

185 2210 278 2274 omni
296 2217 453 2274 terrenae
469 2211 647 2274 seruitutis
662 2210 744 2291 iugo
760 2210 925 2287 solutum,
944 2211 1053 2275 trihus
1070 2210 1231 2278 uidehcet

184 2311 352 2392 exceptis
390 2310 620 2392 expeditione,
655 2310 770 2392 pontis
804 2310 938 2373 arcisue
968 2313 1227 2377 restauratione.

184 2411 218 2474 Si
238 2410 319 2492 quis
342 2429 426 2473 uero
450 2417 521 2473 tam
542 2410 792 2493 epilempticus,
815 2408 1049 2492 philargyriae
1066 2412 1229 2477 seductus

185 2511 347 2586 amentia,
370 2509 462 2591 quod
481 2531 549 2574 non
572 2518 744 2592 optamus,
760 2509 847 2573 hanc
871 2521 1009 2575 nostrae
1031 2512 1230 2577 munificen-

184 2613 252 2676 tiae
278 2609 513 2692 dapsilitatem
543 2628 629 2673 ausu
655 2610 837 2674 temerario
862 2610 1049 2692 infringere
1080 2621 1228 2696 tempta·

184 2711 286 2787 uerit,
304 2709 350 2773 sit
367 2709 441 2790 ipse
458 2710 627 2773 alienatus
644 2729 665 2773 a
682 2711 856 2774 consortio
873 2720 1014 2775 sanctae
1031 2713 1085 2776 dei
1100 2714 1230 2778 aeccle-

184 2811 266 2887 siae,
291 2829 424 2872 necnon
447 2816 483 2873 et
506 2829 527 2873 a
553 2810 816 2891 participatione
838 2811 992 2893 corporis
1017 2815 1228 2877 sacrosancti

183 2920 216 2974 et
231 2909 412 2992 sanguinis
430 2909 536 2973 Ihesu
553 2909 682 2974 Christi
697 2910 759 2974 filii
772 2911 838 2985 dei,
854 2931 1032 2994 perquem
1050 2917 1144 2976 totus
1160 2922 1225 2977 ter·

183 3029 298 3073 rarum
315 3008 409 3073 orbis
423 3011 466 3072 ah
482 3012 625 3092 antiquo
638 3009 778 3074 humani
796 3013 931 3091 generis
948 3012 1087 3076 inimico
1104 3012 1228 3077 libera-

184 3118 238 3173 tus
256 3123 322 3185 est,
341 3118 468 3173 etcum
487 3109 576 3173 Iuda
592 3111 766 3193 proditore
784 3111 912 3174 Christi
930 3113 1070 3193 sinistra
1083 3114 1118 3176 in
1128 3122 1228 3195 parte

183 3208 381 3292 deputatus,
403 3208 469 3272 nisi
491 3209 585 3291 prius
611 3210 667 3273 hic
693 3209 798 3290 digna
826 3211 1061 3275 satisfactione
1090 3212 1227 3277 humilis

183 3309 403 3392 poenituerit,
427 3310 518 3391 quod
546 3317 666 3373 contra
689 3317 844 3374 sanctam
870 3310 926 3373 dei
950 3311 1152 3374 aecclesiam
1177 3332 1227 3376 re-

184 3409 283 3474 bellis
306 3427 410 3490 agere
439 3409 690 3491 praesumpsit3
724 3411 848 3473 necin
879 3409 952 3473 uita
978 3408 1043 3474 hac
1075 3412 1228 3491 practica

184 3509 332 3585 ueniam,
363 3528 425 3572 nec
458 3509 494 3572 in
527 3508 682 3572 theorica
708 3509 860 3592 requiem
886 3515 1050 3591 apostata
1071 3511 1228 3591 optineat

185 3608 301 3685 ullam,
326 3607 387 3671 sed
409 3610 559 3672 aeternis
584 3608 739 3672 barathri
762 3608 929 3673 incendiis
954 3616 1071 3674 trusus
1100 3610 1227 3691 iugiter

184 3708 394 3772 miserrimus
419 3709 602 3797 crucietur.
654 3709 776 3777 AErest
800 3709 887 3772 fram
917 3708 1166 3774 Bedcuuindan
1189 3702 1227 3776 td

184 3797 291 3872 haran
308 3794 433 3888 grafan
451 3806 735 3872 nomeuueardan
757 3799 807 3891 rip
829 3815 874 3872 aet
894 3797 985 3873 haere
1001 3800 1097 3874 dices
1114 3819 1228 3891 geate,

185 3918 226 3973 aet
252 3898 366 3973 haran
398 3906 503 3986 dene;
535 3907 606 3970 ford
630 3912 746 3971 donne
776 3908 819 3971 he
846 3909 1055 3972 uuirtwalan
1084 3900 1160 3974 aar
1189 3933 1227 3977 se

184 4007 271 4090 haga
302 3999 445 4092 fitcymd
474 4008 517 4070 he
532 3998 624 4071 'tiam
652 4008 856 4090 wyrtwalan
886 3998 925 4073 td
953 4009 1088 4074 Waedes
1117 4011 1224 4096 palie3

449 4137 454 4166 ¹
478 4135 650 4184 ‚txx111.MS.
663 4133 763 4186 Cotton.
775 4135 869 4186 Claud.
881 4136 912 4187 O.
924 4150 960 4188 rx.
