2850 4876
355 360 527 410 uunaruu
549 361 897 412 nuorosnxourour.
1108 352 1152 416 49

103 516 240 599 vlrllgo
267 516 403 583 Ireofric
428 519 595 584 minister.
652 522 691 602 ›1‹
725 521 802 602 Ego
832 521 996 604 Byrhtric
1024 523 1144 588 minis·

100 621 155 680 ter.
193 618 233 699 »ιι
254 618 332 700 Ego
352 617 491 700 Ordgar
508 618 674 683 minister.
714 621 753 701 ›1‹
773 620 849 703 Ego
860 621 969 687 Lcofa
980 623 1146 689 minister.

468 913 778 981 Mccxxxrx.

459 1033 680 1140 einais,
702 1062 779 1128 eea

155 1212 197 1292 ᾧ
239 1209 285 1274 IN
312 1182 480 1274 ¹onomate
506 1211 619 1276 almae
651 1218 687 1275 et
718 1211 919 1276 indiuiduae
956 1212 1143 1278 trinitatis!

99 1305 229 1373 cnncta
245 1308 461 1373 saeculorum
485 1310 695 1394 patrimonia
711 1310 852 1375 incertis
874 1319 1040 1394 nepotum
1063 1311 1145 1376 bae·

97 1409 231 1472 redibas
255 1408 507 1491 relinquuntur,
536 1417 572 1474 et
596 1410 708 1475 omnis
733 1410 850 1474 mundi
880 1411 992 1492 gloria
1019 1411 1145 1494 adpro-

94 1509 284 1590 pinquante
317 1509 412 1573 uitae
434 1509 537 1573 huius
566 1509 714 1574 termino
740 1509 783 1573 ad
811 1509 975 1574 nichilum
1005 1511 1146 1575 reducta

93 1603 244 1672 fatescit.
297 1605 434 1672 Idcirco
460 1611 605 1674 terrenis
632 1609 839 1674 caducarum
869 1610 1145 1690 possessionibus

87 1723 232 1789 semper
247 1726 412 1771 mansura
427 1728 597 1791 supernae
622 1709 756 1791 patriae
781 1708 1012 1773 emolumenta
1036 1709 1146 1792 adipi·

85 1796 231 1872 scentes
260 1805 400 1871 domino
430 1808 670 1890 patrocinante
708 1808 872 1873 lucranda
915 1808 1142 1874 decreuimus.

84 1906 329 1986 Quamobrem
350 1926 416 1988 ego
438 1907 579 1988 Eadgar
602 1907 711 1971 tocius
735 1907 955 1971 Brittanniae
980 1909 1144 1986 basileus,

83 2005 260 2070 instinctu
287 2006 343 2069 dei
374 2006 535 2083 monitus,
567 2026 693 2088 magno
726 2006 831 2070 animi
861 2009 1041 2069 conamine
1065 2027 1145 2089 pro-

83 2105 228 2181 curani,
244 2110 284 2168 ut
302 2105 416 2170 omnia
434 2108 627 2189 praesentis
645 2106 739 2169 uitae
756 2105 937 2170 commoda
954 2104 1145 2169 Abbendu-

83 2204 192 2268 nansi
213 2206 432 2282 monasterio,
454 2206 546 2287 quod
569 2225 634 2287 ego
657 2207 823 2269 creatoris
845 2205 954 2268 nostri
971 2206 1144 2269 iuuamine

82 2303 246 2385 regulari
258 2302 351 2367 uitae
366 2305 571 2381 restaurem,
582 2325 645 2388 per
660 2311 812 2368 nostram
827 2304 1023 2385 largifluam
1038 2304 1145 2368 dona-

87 2402 223 2467 tiouem
241 2402 365 2467 deuote
381 2403 600 2485 largirentur.
642 2402 743 2468 Unde
756 2405 891 2468 uincam
907 2404 999 2468 circa
1011 2404 1144 2469 Waecet

86 2502 194 2566 sitam
209 2520 287 2566 curn
306 2502 522 2580 uinitoribus,
535 2522 662 2586 rusque
677 2503 742 2565 sibi
756 2504 932 2583 pertinens
950 2504 1022 2566 suis
1040 2523 1143 2587 gyra-

88 2608 166 2664 tum
197 2601 364 2678 terminis,
394 2621 534 2666 censum
566 2622 704 2685 quoque
733 2603 849 2683 regale
871 2603 914 2666 ad
940 2604 1141 2668 coenobium

88 2699 288 2782 praefatum
311 2720 374 2784 per
400 2702 557 2783 singulos
586 2721 696 2765 annos
722 2700 953 2765 decorandum
980 2711 1025 2765 eet
1055 2703 1143 2768 Sus-

91 2798 278 2880 l'ramtune;
313 2801 413 2864 unius
439 2820 549 2884 aeque
577 2802 677 2864 nauis
707 2801 932 2882 piscationem
962 2809 998 2866 et
1026 2803 1142 2883 regale
1232 2845 1237 2856 ·

94 2898 248 2980 uectigal
278 2905 325 2963 aet
350 2900 497 2964 Hwitan
523 2899 631 2974 Clife;
656 2899 798 2963 alterius
825 2906 941 2963 autem
969 2908 1015 2964 act
1041 2900 1144 2965 Port-

93 3016 223 3062 monna
242 2997 352 3084 hybe3
382 3018 485 3063 unam
516 3007 694 3081 capturam
722 3005 758 3062 et
783 2999 943 3075 salinum,
969 3018 1143 3083 unamque

93 3102 207 3161 terrae
223 3116 391 3174 mansam,
405 3103 442 3162 et
459 3118 503 3163 ex
522 3099 616 3180 regis
631 3106 950 3180 nemore-capturae
968 3106 1143 3164 restaura·

96 3197 222 3261 tionem
241 3216 331 3278 quae
346 3198 523 3262 Brunuuic
540 3217 612 3262 wer
627 3205 858 3279 nuncupatur,
870 3196 1008 3262 domino
1024 3207 1143 3264 nostro

95 3294 200 3362 Ihesu
228 3295 368 3361 Christo
387 3298 530 3380 eiusque
553 3297 710 3380 genitrici
736 3296 880 3370 Mariae,
903 3296 945 3358 ad
968 3315 1051 3361 usus
1070 3318 1142 3362 rno-

94 3396 282 3460 nachorum
310 3397 394 3460 inibi
420 3396 630 3477 degentium,
653 3397 697 3460 ob
726 3388 915 3459 facinorum
946 3403 1140 3459 nostrorum

94 3497 229 3559 ueniam
265 3503 300 3560 et
328 3506 489 3561 aeternae
526 3495 751 3560 beatitudinis
788 3494 989 3577 praemium,
1023 3494 1140 3558 AEtiel-

94 3595 221 3661 uuoldo
237 3595 363 3660 abbate
387 3596 576 3672 obtinente,
595 3603 737 3660 aeterna
755 3595 901 3681 largitus
927 3612 1001 3656 sum
1023 3592 1141 3656 baere-

94 3692 211 3759 ditate.
267 3693 335 3757 His
350 3694 594 3759 monachorum
612 3695 729 3758 cuneis
745 3693 971 3757 communiter
987 3691 1140 3774 locuple-

95 3780 186 3859 tatus
204 3782 304 3857 donis
322 3794 515 3874 regularem
539 3794 731 3876 tripudians
753 3792 924 3857 seruando
948 3790 1139 3855 custodiam

94 3891 126 3955 in
153 3893 293 3957 domino
318 3893 445 3974 iugiter
468 3894 542 3957 uoti
567 3912 708 3975 compos
733 3890 930 3966 hilarescat,
954 3891 1142 3972 crebraque

94 3990 266 4056 dominum
292 3993 543 4074 supplicatione
566 4012 629 4074 pro
656 3992 784 4055 nostris
812 3989 1055 4053 intercedendo
1083 4010 1141 4053 ex-

94 4094 243 4156 cessibus
272 4092 408 4155 ueniam
432 4092 633 4174 impetrans
659 4088 780 4153 sedulo
805 4088 1016 4170 deprecetur.
1071 4087 1140 4168 Qui

135 4209 222 4256 uon.
245 4207 293 4254 vr.
708 4217 711 4224 ·
969 4203 989 4248 a
