2850 4876
452 348 624 397 (lllrlR'l'All
649 347 993 396 suonosnxomcau.

589 606 855 672 mccxxrrr.

397 755 418 797 *
436 717 689 835 ndnsriu,
713 757 834 822 Amr
857 758 924 835 rst,
946 759 1023 822 oso.

255 905 550 987 poossumus,
567 906 623 970 dei
640 908 889 983 misericordia,
907 907 1158 972 Londoniensis
1175 909 1247 990 epi-

183 1020 337 1087 scopus,
358 1007 518 1069 omnibus
540 1007 724 1090 episcopiS,
741 1009 937 1086 abbatibus,
962 1016 997 1072 et
1012 1009 1146 1071 cunctis
1170 1027 1248 1071 aoc-

183 1102 322 1168 mlesiae
351 1104 442 1180 filiis,
471 1108 710 1187 praesentibus
740 1115 775 1171 et
804 1107 940 1184 futuriS,
968 1109 1004 1170 in
1031 1115 1246 1190 perpetuum.

189 1201 327 1283 Quum,
361 1204 485 1269 fratres
516 1204 703 1283 karissimi,
736 1208 897 1272 inimicus
932 1207 1073 1271 humani
1106 1210 1246 1288 generis

186 1323 332 1386 semper
354 1303 491 1369 laborat
514 1307 786 1388 superseminare
809 1307 941 1370 zizania
960 1308 996 1370 in
1024 1327 1111 1388 agro
1142 1306 1247 1371 domi·

190 1405 294 1469 micae
312 1405 468 1485 sationis,
486 1414 522 1470 et
539 1427 626 1489 quos
643 1428 711 1471 non
728 1415 844 1489 potest
861 1407 1006 1471 incitare
1024 1406 1068 1470 ad
1085 1408 1248 1488 grauiora

196 1504 325 1569 delicta
353 1505 555 1588 plerumque
583 1507 626 1571 de
654 1508 803 1571 minimis
832 1508 1071 1571 occasionibus
1097 1506 1247 1573 incendit

196 1605 241 1668 ad
263 1604 343 1670 lites
370 1613 406 1669 et
427 1604 630 1684 discordiaS,
650 1607 842 1672 cauendum
865 1616 929 1682 est,
948 1608 997 1670 cis
1020 1608 1170 1670 maxime
1187 1609 1246 1689 qui

196 1705 234 1769 in
274 1704 540 1771 aecclesiasticis
582 1707 757 1771 ordinibus
799 1707 948 1770 eminere
992 1707 1165 1784 uidentur,
1207 1716 1248 1772 ut

199 1805 334 1887 publice
360 1825 401 1869 ac
423 1806 599 1889 priuatim,
626 1816 757 1890 quanta
785 1808 914 1871 uirtute
943 1814 1103 1889 possunt,
1130 1827 1247 1889 ampu-

200 1911 272 1969 tent
288 1924 408 1969 omnes
430 1907 627 1971 occasiones
644 1928 706 1990 per
731 1926 819 1991 quas
834 1908 926 1971 inter
940 1927 1059 1972 seruos
1075 1908 1129 1971 dei
1146 1926 1248 1972 scan-

200 2004 276 2069 dala
298 2012 445 2087 possunt
469 2007 564 2083 oriri,
587 2016 628 2071 ut
649 2008 802 2090 quietam
830 2014 864 2071 et
887 2007 1110 2089 tranquillam
1138 2008 1244 2070 uitam

202 2123 345 2187 agamur
362 2106 399 2168 in
421 2106 565 2170 caritate
587 2108 727 2171 domini.
780 2106 1002 2189 Quapropter
1029 2107 1162 2171 nouerit
1177 2127 1248 2170 om-

203 2205 293 2268 nium
310 2205 502 2270 catholicae
524 2208 712 2272 aecclesiae
730 2206 901 2271 cultorum
919 2206 1090 2288 generalis
1108 2207 1246 2270 uniuer-

202 2305 298 2384 sitas,
320 2304 412 2388 quod
434 2305 595 2372 dominus
619 2307 888 2388 gloriosissimus
912 2307 1094 2388 Eadgarus
1112 2305 1245 2388 Anglo·

203 2424 273 2468 rum
297 2425 371 2483 rex,
387 2404 505 2469 diuina
527 2406 714 2472 irradiatus
735 2407 876 2485 lumine,
899 2408 1061 2489 religiosa
1080 2407 1246 2489 petitione

203 2503 403 2570 humilitatis
439 2514 578 2570 nostrae
615 2508 869 2571 extremitatem
902 2507 1070 2589 poposcit,
1106 2516 1247 2590 propter

204 2603 396 2687 frequentes
421 2606 666 2671 monachorum
688 2616 724 2672 et
748 2600 952 2671 clericorum
980 2607 1247 2685 simultationes,

205 2712 239 2768 ut
265 2713 300 2770 et
324 2725 388 2769 nos
414 2713 449 2769 et
477 2707 719 2771 canonicorum
741 2715 936 2771 nostrorum
963 2708 1153 2771 communis
1177 2707 1241 2770 sra-

205 2806 342 2870 ternitas
370 2806 564 2870 securitatis
587 2813 622 2870 et
645 2807 1002 2872 incommutabilitatis
1028 2806 1246 2888 priuilegium

205 2904 377 2969 ederemus
392 2926 455 2988 pro
475 2907 670 2970 reuerentia
689 2906 814 2971 summi
831 2906 1067 2987 apostolorum
1083 2906 1247 2989 principis

206 3001 308 3082 Petri,
334 3004 379 3068 ad
405 3005 583 3070 basilicam
608 3007 717 3088 ipsius
742 3026 832 3089 quae
859 3006 985 3070 dicitur
1009 3006 1246 3070 Westmonas-

205 3106 334 3182 terium,
357 3105 416 3168 ubi
445 3105 611 3188 reliquiae
641 3107 751 3188 ipsius
785 3107 954 3170 uirtutum
985 3105 1159 3170 miraculis
1191 3126 1247 3170 co-

205 3212 351 3280 ruscant,
375 3225 585 3287 quamquam
608 3207 717 3270 multo
740 3213 820 3270 ante
848 3226 911 3268 nos
935 3214 1100 3288 tempore,
1125 3207 1246 3269 beatus

205 3323 289 3387 papa
315 3304 506 3386 Gregorius
532 3306 576 3368 de
599 3306 718 3369 eadem
745 3326 782 3369 re
808 3306 1011 3368 sententiam
1041 3304 1171 3381 tulerit,
1194 3304 1245 3367 di-

205 3422 278 3469 cens
303 3405 395 3468 inter
411 3405 501 3479 alia;
528 3403 771 3469 interdicimus
787 3406 824 3469 in
839 3404 975 3467 nomine
992 3403 1120 3466 domini
1141 3402 1246 3466 lhesu

207 3502 330 3569 Christi
353 3524 396 3567 ex
421 3505 629 3569 auctoritate
654 3506 746 3569 beati
773 3504 869 3568 Petri
893 3501 1128 3584 apostolorum
1156 3503 1246 3584 prin-

205 3605 283 3688 cipis
301 3605 401 3668 cuius
419 3606 494 3668 uice
508 3603 588 3668 huic
606 3605 793 3668 aecclesiae
811 3602 1056 3685 praesidemus,
1076 3607 1114 3664 ut
1131 3601 1246 3665 nullus

205 3706 437 3787 episcoporum
467 3704 523 3767 uel
549 3705 779 3768 saecularium
810 3703 954 3766 ulterius
981 3708 1179 3784 praesumat
1206 3702 1248 3765 de

205 3804 399 3881 redditibus,
423 3805 541 3879 rebuS,
563 3804 619 3867 uel
646 3804 751 3868 cartis
776 3802 1072 3877 monasteriorum,
1096 3800 1151 3863 uel
1177 3803 1247 3883 pri-

204 3906 336 3986 uilegiis
360 3923 449 3986 quae
472 3903 515 3965 ad
543 3922 585 3966 ea
607 3904 790 3985 pertinent,
818 3920 1035 3985 quocumque
1057 3899 1159 3964 modo
1185 3921 1246 3965 seu

203 4006 354 4086 qualibet
379 4003 572 4079 occasione,
598 4003 655 4067 uel
678 4003 768 4066 tolos
791 4002 847 4065 uel
870 4000 1086 4064 inmissiones
1109 3999 1244 4079 facere;

201 4107 255 4170 sed
277 4106 308 4170 si
333 4123 404 4186 qua
431 4104 518 4166 forte
545 4104 683 4167 occasio
707 4102 795 4166 inter
818 4121 859 4167 ea
882 4100 1026 4175 uenerit,
1049 4106 1084 4162 et
1106 4101 1249 4182 pacifice
