2850 4876
445 342 622 393 ὓῐΙΔΕΤΔΕ
643 341 991 392 tucwsnxorucntt.
1207 336 1252 399 -15

193 524 261 569 cnm
284 524 358 589 qua
381 502 577 586 Sigelmum
598 508 734 583 patrem
758 518 871 562 meum
895 501 945 565 ire
967 502 1143 583 oportuit:
1167 525 1246 573 eunt

191 624 268 670 uero
290 625 331 670 se
356 612 502 688 pararet
527 609 696 665 uenerunt
723 599 774 663 illi
803 600 838 663 in
869 609 983 666 mente
1005 619 1117 668 .xxx.
1137 603 1247 673 librae

190 724 273 789 quus
289 705 420 771 Godae
436 704 597 779 debebat,
615 720 704 783 quas
718 702 838 764 statim
853 701 884 765 ei
903 702 1045 767 reddere
1060 703 1153 769 fecit.
1200 708 1247 775 Et

189 807 266 889 qnia
287 826 356 870 nec
378 805 490 868 tilium
514 823 578 867 nec
599 802 709 865 filiam
732 802 798 864 nisi
820 822 875 865 me
901 801 1032 881 habuit,
1062 802 1244 875 haeredem

189 926 238 971 ne
256 906 344 971 fecit
366 906 465 969 illins
481 914 596 967 terrae
613 912 650 966 et
667 903 819 967 omnium
840 910 1007 969 terrarum
1031 926 1185 987 suarum,
1209 922 1244 978 et

188 1007 290 1072 libros
307 1007 419 1070 michi
432 1005 537 1069 dedit.
592 1003 700 1067 Forte
720 1013 804 1067 tunc
830 1004 945 1070 euenit
967 1018 1101 1089 patrem
1130 1029 1244 1079 meum

188 1107 219 1171 iu
235 1107 332 1172 bello
354 1107 543 1178 cecidisse;
571 1114 757 1187 postquam
781 1112 898 1169 autem
920 1107 1009 1171 idem
1028 1106 1130 1173 Goda
1145 1113 1244 1178 audi-

189 1210 235 1273 uit
250 1208 458 1273 defunctum
475 1207 513 1269 in
527 1202 619 1269 bello
634 1224 722 1282 esse,
736 1206 877 1287 negauit
892 1208 957 1271 sibi
975 1210 1120 1290 triginta
1137 1210 1244 1281 libras

188 1310 386 1392 persolutus
419 1306 538 1383 fuisse,
564 1315 763 1387 terramque
785 1326 888 1389 quam
912 1328 975 1391 pro
1001 1310 1198 1377 uadimouio
1221 1338 1243 1381 n

187 1418 283 1492 patre
300 1428 383 1472 meo
398 1408 533 1491 accepit
549 1406 697 1469 detinuit
711 1406 782 1470 iere
799 1427 861 1490 per
883 1429 946 1473 sex
964 1430 1083 1475 annos.
1132 1414 1242 1483 Sexto

186 1529 266 1575 uero
284 1529 383 1573 anno
401 1508 542 1590 quidam
561 1508 775 1590 propinquus
795 1528 892 1571 meus
913 1513 1049 1575 nomine
1070 1513 1241 1599 Byrhsige

186 1610 327 1695 Dyring
344 1609 459 1692 coepit
475 1609 644 1671 instanter
661 1617 780 1690 aperte
798 1613 961 1692 conqueri
980 1613 1072 1695 apud
1091 1616 1241 1697 optima·

183 1718 236 1776 tas
255 1719 295 1776 et
316 1709 492 1793 principes
514 1716 549 1772 et
569 1708 744 1790 sapientes
767 1710 863 1790 regni
887 1711 929 1775 de
951 1712 1076 1776 iniuria
1100 1718 1240 1799 propiu-

183 1832 277 1895 quae
303 1829 391 1874 snae
413 1829 436 1872 a
462 1808 609 1873 Godone
632 1807 735 1872 facta.
788 1809 983 1893 Optimates
1000 1822 1115 1878 autern
1132 1825 1167 1881 et
1184 1840 1238 1885 sa·

182 1914 322 1996 pientes
343 1931 408 1994 pro
429 1910 568 1975 iusticia
590 1909 806 1987 inuenerunt,
823 1918 859 1974 et
877 1913 968 1978 iusto
985 1915 1111 1981 iudicio
1124 1917 1240 1985 decre-

184 2020 313 2076 uerunt
328 2010 422 2095 quod
439 2031 517 2092 ego,
531 2029 620 2094 quae
637 2009 709 2073 filia
725 2018 761 2074 et
778 2011 899 2077 haeres
909 2015 981 2078 eius
998 2034 1087 2093 sum,
1103 2028 1236 2100 patrem

183 2131 304 2176 meum
325 2130 476 2194 purgare
500 2111 670 2186 deberem,
693 2112 853 2176 uidelicet
875 2124 1101 2196 sacramento,
1127 2136 1238 2187 mxx.

182 2212 367 2289 librarum,
384 2211 522 2275 easdem
538 2211 681 2293 triginta
702 2212 808 2277 libras
830 2223 964 2295 patrem
980 2235 1093 2281 meum
1110 2223 1238 2301 persol-

185 2314 303 2392 niss03
322 2311 425 2396 quod,
441 2319 530 2376 teste
546 2318 621 2377 toto
636 2332 756 2394 regno,
771 2315 863 2397 apud
875 2314 1081 2396 Agelessord
1098 2324 1236 2406 peregi3

187 2414 247 2478 sed
263 2433 333 2477 non
352 2421 434 2476 tunc
449 2413 588 2496 quidem
602 2414 701 2496 potui
717 2421 843 2478 terram
866 2436 977 2480 meam
999 2417 1137 2498 habere,
1154 2441 1237 2505 quo·

189 2513 345 2598 adusque
371 2512 472 2577 amici
497 2514 564 2577 mei
593 2534 709 2596 regem
736 2515 980 2581 Eaduuardum
1010 2520 1177 2601 adierunt,
1202 2533 1238 2590 et

189 2614 285 2679 illum
303 2634 368 2698 pro
383 2613 502 2677 eadem
514 2620 607 2678 terra
622 2615 860 2698 requisierunt.
914 2617 984 2698 Qui
1000 2620 1159 2688 uidelicet
1172 2646 1235 2691 rex

190 2713 299 2780 eidem
322 2713 472 2792 Godoni,
494 2719 598 2797 super
615 2734 750 2780 omnem
774 2715 936 2781 honorem
960 2739 1061 2802 quem
1085 2724 1127 2788 de
1153 2744 1234 2809 rege

190 2816 310 2891 tenuit,
337 2814 549 2897 praedictam
575 2821 701 2880 terram
735 2818 926 2896 interdixit,
960 2822 1078 2905 sicque
1109 2832 1235 2892 terram

191 2915 331 2980 dimisit.
384 2915 465 2980 Non
496 2914 605 2980 multo
637 2923 752 2981 autem
783 2925 862 3000 post
901 2928 1054 3003 tempore
1086 2928 1234 3009 contigit

190 3017 333 3080 eundem
348 3013 527 3080 Godonem
544 3035 658 3080 coram
683 3037 764 3100 rege
785 3019 835 3084 ita
860 3019 1042 3104 inculpari,
1061 3026 1152 3108 quod
1171 3049 1234 3112 per

189 3117 350 3182 iudicium
379 3116 552 3180 iudicatus
583 3117 630 3180 sit
658 3119 800 3201 perdere
823 3121 938 3185 omnia
968 3142 1057 3206 quae
1083 3127 1125 3191 dc
1153 3149 1234 3213 rege

191 3218 312 3295 tenuit,
324 3217 501 3300 uitamque
514 3217 588 3281 eius
599 3237 675 3282 esse
688 3219 723 3282 iu
735 3220 861 3285 iudicio
877 3222 980 3302 regis.
1020 3225 1100 3290 Rex
1118 3239 1233 3295 autem

190 3317 281 3382 dedit
297 3317 444 3382 eundem
460 3317 562 3381 michi
590 3325 624 3382 et
646 3320 761 3383 omnia
783 3340 846 3384 sua
870 3339 946 3383 cum
971 3322 1066 3388 libris
1082 3331 1232 3395 omnium

190 3426 357 3483 terrarum
379 3437 531 3493 suarum,
556 3425 596 3482 ut
620 3418 663 3482 de
691 3439 732 3484 eo
757 3420 903 3484 facerem
927 3425 1114 3488 secundum
1141 3431 1233 3510 quod

189 3518 385 3601 promeruit.
437 3518 515 3598 Ego
539 3525 653 3582 autern
674 3539 737 3601 pro
757 3521 879 3585 timore
902 3521 956 3586 dci
982 3543 1049 3587 non
1072 3544 1158 3590 ausa
1183 3528 1233 3594 fui

190 3620 329 3684 reddere
353 3619 385 3682 ei
407 3617 593 3682 secundum
618 3620 709 3701 quod
726 3629 848 3685 contra
870 3641 924 3685 me
946 3627 1145 3706 promeruit,
1171 3631 1232 3694 sed

189 3720 319 3785 reddidi
342 3718 374 3782 ei
399 3737 518 3782 omnes
545 3726 655 3783 terras
678 3740 760 3785 suas
791 3730 938 3805 excepta
963 3730 1056 3788 terra
1086 3726 1231 3793 duorum

188 3829 380 3886 aratrorum
397 3819 490 3900 apud
505 3817 707 3899 Osterlaud;
725 3821 830 3886 libros
848 3831 963 3887 autem
983 3832 1151 3890 terrarum
1163 3850 1230 3894 non

189 3915 317 3986 reddidi
335 3920 380 3996 ei,
397 3920 543 4002 probare
560 3920 649 3983 enim
666 3921 761 3985 uolui
777 3941 879 4004 quam
896 3923 995 3987 fidem
1011 3925 1053 3989 de
1069 3927 1232 3996 beneficio

189 4030 306 4087 contra
334 4028 386 4084 tot
411 4019 555 4084 iniurias
579 4020 681 4083 michi
704 4021 747 4084 ab
770 4041 811 4084 eo
836 4022 951 4087 illatas
974 4030 1090 4090 tenere
1116 4030 1230 4095 uellet.
1261 4104 1264 4109 ,

189 4120 361 4211 Defuncto
378 4126 491 4183 autem
515 4120 652 4185 domino
667 4139 742 4182 meo
760 4141 840 4202 rege
865 4123 1086 4203 Eaduuardo,
1110 4129 1230 4195 AEtiel-
