2850 4876
183 351 248 416 114
436 366 608 416 assurin
634 365 979 418 suanosnxourosn.

183 525 286 589 huius
302 524 400 588 exilii
414 531 522 608 atque
535 523 715 588 caecitatis
731 522 893 606 laqueum
911 524 1117 607 abrumpere
1140 510 1237 588 sesti-

184 642 317 702 nemus,
345 631 385 689 ut
412 623 458 688 ad
481 623 635 688 futuram
661 623 761 688 nobis
792 623 1049 706 adipiscendam
1073 622 1237 689 coelestis

185 724 285 805 regni
308 724 556 788 beatitudinem
577 722 743 789 scandere
767 723 958 789 ualeamus.
1010 723 1238 808 Quapropter

185 842 253 905 ego
263 822 424 888 AEeelred
439 823 551 888 tocius
560 821 760 904 Anglorum·
770 823 884 904 gentis
901 823 1062 902 basileos,
1078 831 1235 889 caetera-

187 942 333 1006 rumque
361 923 540 987 nationum
572 923 608 986 in
639 923 788 988 circuitu
818 922 1016 1005 degentium
1045 923 1237 1008 primatum

187 1041 324 1105 gerens,
345 1021 483 1087 cuidam
502 1021 594 1085 fideli
617 1041 693 1087 meo
721 1021 853 1087 homini
874 1023 1029 1088 uocitato
1053 1023 1238 1089 nocamine

187 1122 362 1205 Wnlfgar,
377 1123 549 1186 modicam
563 1121 630 1186 mei
651 1123 783 1206 proprii
800 1121 887 1186 iuris
906 1129 1020 1188 terrae
1035 1130 1183 1206 partem,
1200 1123 1237 1187 id

187 1231 243 1287 est
254 1228 360 1287 .1111⁰‘.
369 1241 510 1286 mansas
521 1228 558 1286 et
566 1221 755 1300 dimidiam,
766 1223 804 1286 in
816 1221 989 1287 communi
997 1229 1092 1288 terra
1100 1223 1237 1288 duobus

188 1321 275 1387 locis
289 1322 421 1387 diuisas
436 1339 504 1387 .111.
518 1320 679 1386 uidelicet
692 1340 832 1386 mansas
855 1321 892 1385 in
913 1320 991 1387 loco
1008 1323 1068 1407 qui
1085 1321 1238 1406 Anglica

188 1422 421 1505 appellatione
443 1420 568 1486 dicitur
590 1423 750 1499 Drretnn,
772 1428 809 1486 ct
826 1440 934 1486 unam
955 1440 1114 1487 mansam
1131 1430 1168 1490 et
1181 1422 1238 1489 di·

191 1522 330 1586 midiam
355 1522 391 1586 in
414 1521 499 1586 uilla
520 1540 611 1604 quae
632 1527 780 1586 uocatur
800 1520 952 1599 Sueten,
974 1522 1011 1588 in
1032 1530 1237 1606 perpetuam

190 1621 342 1685 concedo
383 1620 643 1699 haereditatem,
682 1627 853 1705 quatenus
894 1620 969 1686 uita
988 1622 1083 1687 sibi·
1108 1623 1238 1689 comite

186 1721 319 1785 babeat
351 1740 393 1785 ac
420 1721 616 1803 possideat3
650 1740 727 1786 cnm
754 1728 870 1786 autem
897 1720 1159 1787 dissolutionem
1182 1724 1237 1789 sui

190 1820 345 1904 corporis
358 1821 536 1885 imminere
548 1822 763 1904 cognouerit,
785 1822 990 1904 cuicumque
1005 1822 1072 1887 sibi
1098 1823 1239 1888 libuerit
1271 1854 1276 1861 ·

191 1921 331 1986 haeredi
358 1921 589 1999 commendet,
618 1927 659 1985 ut
692 1920 963 2006 supradiximus,
992 1923 1029 1986 in
1061 1929 1237 1988 aeternam

191 2022 454 2103 possessionem.
513 2021 568 2084 Sit
582 2013 584 2018 ’
597 2028 713 2085 autem
743 2021 845 2085 buius
874 2028 1015 2086 nostrae
1041 2021 1239 2088 donationis

191 2122 334 2187 libertas
350 2123 395 2186 ab
413 2121 506 2186 omni
528 2120 638 2186 fiscali
655 2121 785 2186 tributo
803 2128 839 2186 ot
855 2140 980 2187 secura
995 2130 1146 2201 maneat,
1163 2123 1238 2187 aine

191 2222 310 2304 aliquo
333 2221 525 2298 obstaculo,
551 2240 629 2285 cum
656 2222 814 2285 omnibus
839 2220 947 2285 adse
974 2222 1238 2305 pertinentibus,

190 2323 336 2404 campis,
363 2321 515 2403 pascuis,
538 2321 658 2403 pratis,
678 2321 789 2398 siluis,
810 2339 1048 2406 aquarumque
1068 2320 1240 2401 cursibus,

191 2422 348 2504 exceptis
387 2420 510 2498 tribus,
548 2420 781 2503 expeditione,
820 2421 936 2503 pontis
969 2423 1239 2502 constructione,

191 2522 326 2585 arcisne
341 2521 539 2584 munitione.
592 2514 633 2586 Si
649 2520 710 2603 qui
724 2520 884 2602 deniqne,
900 2521 985 2586 mihi
1006 2541 1075 2587 non
1089 2523 1240 2606 optanti,

191 2619 279 2685 banc
308 2619 479 2683 libertatis
510 2617 660 2697 kartam,
692 2620 893 2703 cupiditatis
922 2621 1036 2685 liuore
1069 2621 1240 2706 depressi,

191 2721 323 2785 uiolare
355 2719 561 2801 satagerint,
594 2738 673 2784 cum
701 2720 896 2803 agminibus
931 2728 1042 2786 tetrae
1077 2722 1240 2804 caligmis

191 2820 283 2903 lapsi
305 2839 425 2884 uocem
452 2819 596 2884 audiant
614 2820 882 2884 examinationis
900 2820 957 2884 dic·
979 2822 1098 2904 magni
1122 2822 1241 2887 indicii

192 2919 259 2984 sibi
288 2919 446 2997 dicentis,
482 2919 681 2984 ‘Discedite
712 2939 735 2984 a
766 2939 821 2984 me
852 2920 1027 2986 maledicti
1057 2921 1093 2985 in
1123 2922 1239 3004 ignem

192 3025 382 3096 aeternum,
409 3019 469 3082 ubi
500 3037 578 3083 cum
606 3019 831 3105 daemonibus
859 3020 978 3085 ferreis
1004 3021 1241 3104 sartaginibus

191 3118 324 3182 crudeli
357 3125 584 3201 torqueantur
614 3119 652 3182 in
680 3137 806 3201 poena,
831 3119 862 3183 si
887 3139 956 3184 non
985 3127 1067 3186 ante
1093 3127 1241 3186 mortem

194 3217 299 3300 digna
316 3217 380 3282 hoc
398 3217 656 3283 emendauerint
671 3218 894 3300 poenitentia.
946 3216 1050 3284 Anno
1067 3221 1113 3285 ab
1126 3219 1241 3286 incar-

192 3319 334 3383 natione
356 3317 483 3382 domini
513 3316 623 3382 nostri
648 3317 752 3382 Ihesn
781 3317 911 3383 Christi
938 3336 1242 3386 mocccnxxxffl.

192 3417 380 3484 indictione
410 3433 477 3481 ‚xa
507 3414 561 3480 bis
589 3418 737 3482 testibus
766 3417 1061 3483 consentientibus
1094 3439 1242 3504 qnorum

191 3517 334 3582 inferius
351 3517 492 3580 nomina
507 3516 668 3580 caraxari
682 3516 855 3581 uidentur.

226 3620 288 3699 ‘³1⁴
309 3617 385 3698 Ego
413 3613 578 3680 AEbelned
603 3634 667 3679 rex
696 3614 892 3698 Anglornm
917 3614 1020 3682 huius
1043 3616 1243 3684 donationis

191 3717 385 3782 libertatem
409 3715 506 3797 regni
525 3713 637 3779 tocius
658 3715 838 3798 fastigium
857 3724 979 3782 tenens
998 3717 1146 3782 libenter
1160 3736 1242 3783 oon·

190 3817 292 3881 cessi.
363 3818 402 3898 ›1‹
438 3814 517 3895 Ego
550 3815 713 3879 Dunstau
746 3815 1023 3882 Dorouernensis
1053 3817 1243 3884 aecclesiae

191 3915 473 3998 archiepiscopos
489 3933 567 3978 curn
582 3915 684 3995 signo
701 3922 843 3980 eunome
858 3916 971 3981 crucis
984 3916 1158 3982 roboraui.
1197 3920 1239 4001 *1⁴

195 4015 272 4096 Ego
304 4014 461 4079 Osuuold
493 4014 722 4079 Eboraoensis
749 4015 941 4081 aecclesiae
964 4015 1243 4102 archiepiscopus

192 4113 304 4178 crucis
318 4120 474 4179 taumate
489 4113 670 4179 adnotari.
721 4113 768 4199 ᾖ
789 4114 865 4197 Fgu
882 4115 1094 4183 AEtteluuold
1109 4117 1242 4201 episco-
