2850 4876
369 389 542 438 canarno
567 367 914 438 anouosnxonrcaa.
1126 374 1168 436 21

125 564 253 610 neornm
270 546 442 630 quispiam
459 546 640 630 tyrannica
655 546 764 611 fretus
779 547 999 612 contumacia
1015 548 1049 611 in
1067 567 1167 631 prae·

122 646 206 711 dicto
235 647 445 711 monasterio
475 646 530 711 ins
568 647 737 729 arripiens
772 656 934 712 exerceat
970 649 1167 730 potestatis,

118 746 172 810 sed
198 747 352 811 eiusdem
380 747 536 810 coenobii
562 747 746 828 collegium
779 757 966 830 perpetuae
998 756 1037 812 ut
1064 768 1165 830 prae·

117 846 184 911 dixi
199 847 371 911 libertatis
394 847 562 929 glorietur
585 848 779 930 priuilegio.
843 848 897 912 Sit
925 855 1041 912 autem
1067 868 1165 930 prae-

114 945 220 1011 fatum
256 948 502 1011 monasterium
528 949 621 1012 omni
650 956 804 1012 terrenae
833 949 1012 1013 seruitutis
1043 950 1162 1013 eodem

115 1054 227 1110 tenore
254 1048 411 1125 liberum,
435 1068 503 1130 quo
534 1068 556 1112 a
584 1048 860 1129 praecessoribus
886 1050 1015 1113 nostris
1041 1050 1162 1114 catho-

113 1146 197 1224 licis,
215 1167 237 1212 a
261 1157 382 1213 sancto
405 1148 521 1212 Leone
536 1149 697 1213 uidelicet
714 1169 817 1231 papa,
835 1157 871 1213 et
891 1149 1060 1213 Coenullo
1081 1169 1162 1232 rege

112 1247 292 1325 catholico,
305 1256 444 1314 uetusto
461 1249 657 1313 continetur
672 1249 854 1331 priuilegio
871 1250 1021 1314 Re’euno
1036 1251 1162 1314 abbate

113 1348 288 1413 obtinente
310 1350 480 1423 solutum3
509 1350 584 1432 agri
612 1349 768 1431 equidem
794 1351 886 1431 [qui]
914 1349 959 1412 ad
985 1369 1068 1413 usus
1090 1371 1161 1414 mo·

112 1448 296 1513 nachorum
315 1449 454 1514 domino
475 1458 594 1514 nostro
612 1450 716 1514 lhesu
735 1449 875 1513 Christo
897 1449 1040 1531 eiusque
1065 1451 1160 1531 geni·

111 1548 184 1613 trici
204 1548 340 1614 Mariae
356 1551 477 1632 priscis
496 1551 734 1632 modernisque
752 1550 963 1631 temporibus
983 1570 1004 1613 a
1021 1551 1161 1631 regibus

112 1655 143 1712 et
162 1649 336 1732 religiosis
359 1651 538 1732 utriusque
561 1670 666 1714 sexus
692 1650 896 1726 hominibuS,
923 1658 956 1713 et
983 1670 1005 1713 a
1028 1651 1160 1733 meipso

113 1768 252 1834 meoque
279 1759 405 1833 patruo
424 1751 581 1815 Eadredo
613 1770 694 1833 rege
717 1749 915 1813 fidelissimo
946 1751 1159 1816 restituendo

112 1848 181 1914 iure
206 1852 364 1915 concessi
392 1859 484 1930 sunt,
510 1851 660 1914 eiusdem
691 1851 938 1932 perpetualiter
964 1851 1034 1914 sint
1062 1851 1161 1915 liber-

113 1951 202 2014 tatis.
244 1950 337 2015 Nam
354 1971 416 2015 rex
428 1951 616 2033 praefatus,
628 1971 688 2014 rus
706 1951 796 2034 quod
815 1949 1009 2014 Abbendun
1029 1971 1158 2014 nuncu·

112 2058 218 2129 parur,
229 2050 322 2135 quod
337 2071 399 2115 rex
411 2050 596 2116 Ceadwala
612 2051 750 2114 domino
766 2058 884 2114 nostro
902 2051 1044 2132 eiusque
1059 2052 1157 2131 geni-

112 2150 182 2215 trici
210 2151 347 2215 Mariae
372 2152 493 2234 priscis
524 2152 734 2234 temporibus
776 2152 903 2214 denoto
941 2160 1158 2216 concesserat

111 2251 232 2329 animo,
251 2253 371 2334 inquo
395 2252 676 2334 praedecessores
692 2252 812 2328 nostri,
829 2251 1000 2314 diabolica
1022 2250 1157 2334 decepti

111 2352 267 2428 auaritia,
284 2352 475 2416 aedificium
499 2353 616 2434 regale
636 2353 701 2415 sibi
727 2352 855 2416 iniuste
875 2358 1156 2429 construxerant,

111 2453 292 2516 aecclesiae
307 2452 362 2516 dei
376 2454 572 2530 restituens,
580 2453 760 2517 interdixit
775 2459 815 2516 ut
826 2472 945 2534 regum
959 2472 1059 2516 nemo
1074 2452 1156 2518 inibi

110 2560 241 2632 pastum
259 2554 459 2635 requireret,
475 2574 537 2617 nec
552 2553 745 2617 aedificium
763 2553 799 2616 in
817 2553 1062 2635 sempiternum
1076 2573 1156 2617 con-

109 2658 276 2730 strueret;
300 2653 391 2734 quod
414 2674 479 2735 ego
504 2653 651 2734 Eadwig
668 2651 861 2735 Anglorum
882 2653 1043 2730 basileuS,
1069 2654 1156 2735 opti-

109 2760 232 2816 matum
249 2773 401 2817 meorum
422 2773 504 2843 usus
522 2754 678 2830 consilio,
697 2761 768 2817 tam
783 2754 868 2817 meis
886 2772 987 2835 quam
1002 2773 1155 2817 meorum

108 2870 339 2917 successorum
370 2856 581 2935 temporibus
615 2854 723 2917 fixum
750 2855 786 2918 in
813 2854 949 2917 nomine
981 2853 1089 2934 patris
1120 2862 1155 2918 et

108 2950 162 3016 lilii
182 2960 218 3017 et
240 2954 382 3036 spiritus
404 2957 516 3018 sancti
531 2955 605 3017 fieri
620 2955 656 3016 in
679 2962 856 3017 aeternum
877 2953 1063 3036 praecipio.
1117 2953 1154 3017 Si

107 3054 178 3135 quis
216 3074 300 3117 uero
333 3061 404 3118 tam
444 3055 694 3137 epilempticus
721 3053 954 3136 philargyriae
992 3052 1155 3117 seductus

107 3153 266 3230 amentia,
290 3154 382 3236 quod
421 3175 490 3218 non
521 3164 694 3237 optamus,
726 3154 814 3218 hanc
846 3160 986 3218 nostrae
1019 3154 1154 3216 munifi·

105 3256 235 3318 centiae
258 3253 490 3336 dapsilitatem
513 3274 601 3318 ausu
619 3257 800 3319 temerario
819 3254 1004 3335 infringere
1030 3262 1155 3336 tempt-

105 3356 224 3431 auerit,
240 3355 286 3418 sit
308 3354 383 3437 ipse
401 3355 571 3419 alienatus
597 3375 618 3418 a
644 3356 818 3420 consortio
841 3364 981 3416 sanotae
999 3352 1054 3414 dei
1077 3373 1154 3416 aec-

104 3455 238 3533 clesiae,
261 3473 394 3518 necnon
431 3462 466 3519 et
492 3475 514 3519 a
542 3456 806 3537 participatione
834 3451 1044 3517 sacrosancti
1079 3470 1154 3514 cor.

103 3556 193 3635 poris
224 3561 260 3619 et
288 3555 468 3636 sanguinis
495 3553 598 3618 Ihesu
621 3555 750 3619 Christi
777 3554 838 3617 filii
867 3553 934 3629 dei,
962 3571 1023 3634 per
1050 3570 1153 3634 quem

103 3662 194 3720 totus
222 3661 391 3718 terrarum
416 3655 509 3718 orbis
531 3655 575 3719 ab
600 3655 744 3737 antiquo
771 3654 913 3717 humani
938 3651 1072 3735 generis
1087 3651 1152 3714 iui-

102 3757 185 3821 mico
218 3754 385 3818 liberatus
415 3752 488 3829 est';
520 3763 555 3820 et
582 3775 660 3818 cum
692 3753 781 3818 Iuda
817 3753 946 3817 Christi
978 3751 1153 3834 proditore

101 3854 238 3921 sinistra
260 3855 296 3917 in
317 3861 415 3937 parte
433 3854 630 3937 deputatus,
650 3854 717 3916 nisi
740 3855 835 3935 prius
853 3853 908 3916 hic
929 3852 1034 3931 digna
1050 3851 1152 3915 satis·

101 3954 250 4021 factione
272 3955 411 4018 humilis
433 3955 643 4037 poenituerit
662 3953 754 4035 quod
775 3960 895 4017 contra
917 3957 1073 4015 sanctam
1097 3950 1153 4015 dei

101 4057 302 4121 aecclesiam
328 4054 464 4119 rebellis
487 4076 589 4138 agere
607 4054 851 4137 praesumpsit,
870 4052 982 4115 necin
1000 4049 1152 4114 uitahac

100 4159 250 4238 practica
277 4156 426 4232 ueniam,
461 4177 521 4220 nec
554 4157 589 4220 in
618 4154 773 4218 theorica
803 4152 955 4233 requiem
991 4156 1152 4233 apostata
