2850 4876
437 370 610 418 casuras
635 370 981 419 snowssxomcaa
1172 355 1239 420 lat
1348 422 1352 432 ,

184 529 308 594 olesiae
323 528 389 592 sub
404 546 460 590 me
475 533 591 590 tenere
603 527 779 590 concessi:
803 525 868 590 hoc
887 533 943 590 est
955 533 996 590 ut
1012 526 1124 590 omnis
1138 528 1236 609 equi-

184 630 279 694 tandi
293 628 351 692 lex
369 628 413 691 ab
430 626 480 691 eis
490 626 678 709 impleatur
692 645 783 711 quae
797 626 841 689 ad
858 627 995 709 equites
1006 627 1177 709 pertinet;
1199 634 1236 692 et

184 738 222 795 ut
237 728 387 813 pleniter
400 725 603 810 persoluant
617 727 732 791 omnia
745 745 837 808 quae
850 726 894 789 ad
911 728 967 790 ius
983 727 1094 809 ipsius
1108 727 1237 790 aeccle

183 829 257 893 siae
272 828 364 893 iuste
386 831 601 909 competunt,
622 825 755 890 scilicet
776 846 818 890 ea
838 845 928 909 quae
946 823 1095 907 Anglice
1115 825 1235 890 dicun-

184 939 242 994 tur
258 929 455 993 ciricsceott
474 933 510 990 ct
529 923 592 990 toll
608 925 643 989 id
664 934 719 990 est
740 926 937 990 theloneum
958 934 994 989 et
1015 934 1105 1002 tace,
1124 926 1160 989 id
1181 935 1236 990 est

184 1027 411 1104 swinsceade,
427 1034 465 1089 et
484 1033 624 1089 caetera
644 1026 723 1089 iura
742 1024 943 1103 aecclesiae,
964 1025 1032 1089 nisi
1051 1027 1238 1109 episcopus
1316 1008 1325 1029 ⁰

185 1127 269 1212 quid
287 1128 394 1192 alicui
407 1145 528 1189 eorum
549 1124 740 1207 perdonare
753 1125 922 1204 uoluerit3
946 1144 1092 1208 seseque
1115 1146 1237 1208 quam·

185 1228 244 1292 diu
257 1228 355 1309 ipsas
372 1233 484 1290 terras
500 1231 619 1288 tenent
632 1224 669 1288 in
684 1224 857 1290 mandatis
872 1225 1046 1308 pontificis
1063 1224 1239 1291 humiliter

186 1347 264 1393 cum
291 1326 385 1391 omni
406 1325 619 1389 subiectione
643 1343 866 1406 perseuerare
888 1326 993 1389 etiam
1016 1325 1237 1392 iureiurando

187 1425 368 1492 affirment.
419 1423 532 1507 Super
547 1423 633 1488 haec
648 1425 753 1489 etiam
770 1424 816 1488 ad
830 1426 944 1489 omnis
958 1412 1148 1490 industriae
1165 1427 1238 1509 epi—

187 1513 306 1611 scopi
326 1525 554 1606 indigentiam
582 1525 797 1608 semetipsos
831 1532 970 1608 praesto
1011 1522 1234 1607 impendant3

188 1644 297 1710 equos
308 1629 500 1708 praestent3
517 1624 585 1706 ipsi
595 1625 769 1706 equitent;
785 1625 873 1688 etad
883 1631 995 1688 totum
1007 1624 1238 1707 piramiticnm

190 1745 280 1810 opus
294 1723 485 1789 aecclesiae
502 1724 608 1787 calcis
622 1733 729 1806 atque
743 1722 788 1789 ad
806 1723 923 1805 pontis
937 1724 1130 1789 aedificium
1146 1728 1239 1792 ultro

188 1826 412 1891 inueniantur
436 1824 569 1907 parati3
595 1823 656 1886 sed
684 1831 721 1888 et
742 1824 937 1888 uenationis
963 1842 1080 1907 sepem
1107 1825 1238 1891 domini

189 1925 344 2010 episcopi
357 1924 507 1988 ultronei
522 1923 567 1987 ad
578 1922 827 1987 aedificandum
842 1925 1095 2006 repperiantur,
1107 1945 1240 2009 suaque

191 2025 480 2110 quandocumque
494 2023 631 2087 domino
642 2024 805 2106 episcopo
821 2025 962 2089 libuerit
976 2025 1150 2089 uenabula
1164 2026 1241 2090 des-

190 2127 304 2191 tinent
326 2131 512 2201 uenatum3
539 2123 679 2206 insuper
700 2123 745 2187 ad
767 2124 897 2188 multas
919 2125 1008 2188 alias
1031 2125 1240 2207 indigentiae

190 2234 317 2290 causas
333 2224 459 2307 quibus
476 2240 564 2304 opus
580 2229 635 2285 est
648 2222 786 2287 domino
801 2224 948 2289 antistiti
964 2243 1070 2307 saepe
1086 2225 1240 2304 frunisci,

192 2327 277 2409 siue·
290 2323 334 2388 ad
361 2333 463 2387 suum
490 2322 671 2386 seruitium
698 2324 773 2387 siue
807 2324 850 2386 ad
879 2325 996 2406 regale
1021 2325 1241 2406 explendum,

191 2442 329 2508 semper
347 2422 441 2486 illius
460 2421 710 2486 archiductoris
727 2424 919 2487 dominatui
936 2431 972 2488 et
993 2424 1166 2489 uoluntati
1181 2421 1242 2508 qui

192 2523 410 2608 episcopatui
438 2520 625 2604 praesidet,
655 2530 798 2606 propter
819 2524 1021 2588 beneficium
1052 2526 1144 2607 quod
1171 2525 1241 2590 illis

193 2623 398 2708 praestitum
425 2629 490 2698 est,
521 2641 600 2684 cum
627 2623 720 2686 omni
749 2623 946 2688 humilitate
973 2632 1009 2688 et
1032 2625 1244 2691 subiectione

194 2722 326 2787 subditi
340 2721 437 2796 fiant,
450 2720 638 2785 secundum
654 2721 763 2804 ipsius
777 2724 992 2789 uoluntatem
1016 2733 1051 2787 et
1073 2716 1241 2790 terrarum

194 2841 282 2905 quas
308 2821 454 2903 quisque
477 2820 632 2902 possidet
657 2824 899 2904 quantitatem.
945 2825 1103 2888 Decurso
1129 2833 1244 2891 autem

193 2920 343 3005 praefati
365 2921 533 3001 temporis
546 2921 729 3000 curriculo,
746 2923 907 2987 uidelicet
922 2923 1066 2987 duorum
1090 2934 1171 3007 post
1185 2946 1245 2990 eos

194 3022 255 3106 qui
265 3040 327 3084 eas
336 3019 439 3084 modo
453 3019 633 3101 possident
646 3019 832 3086 haeredum
843 3022 938 3087 uitae
949 3024 1074 3106 spatio,
1084 3025 1121 3088 in
1134 3021 1245 3109 ipsius

196 3119 365 3187 antistitis
386 3119 434 3183 sit
455 3120 599 3184 arbitrio
621 3121 703 3202 quid
728 3121 807 3185 inde
826 3123 925 3199 uelit,
946 3125 1171 3205 et-quomodo
1192 3126 1246 3190 sui

196 3220 287 3286 uelle
301 3220 350 3284 sit
368 3218 449 3283 inde
470 3218 521 3283 ita
538 3226 619 3296 stet,
641 3219 715 3284 siue
731 3220 893 3284 adsuum
908 3240 995 3302 opus
1010 3241 1071 3285 eas
1087 3225 1245 3302 retinere,

197 3322 228 3385 si
241 3320 292 3385 sic
302 3319 369 3383 sibi
385 3317 471 3382 utile
479 3307 699 3397 indicauerit,
716 3320 791 3384 siue
808 3339 868 3384 ees
883 3320 987 3385 alicui
1001 3320 1131 3386 diutius
1146 3344 1246 3407 prae·

198 3429 303 3496 staro,
313 3419 344 3483 si
357 3418 408 3483 sic
418 3418 484 3481 sibi
499 3419 668 3500 placuerit
677 3419 780 3500 uelit;
796 3420 847 3484 ita
858 3420 1043 3484 dumtaxat
1056 3427 1097 3485 ut
1111 3441 1248 3506 semper

199 3518 388 3584 aecclesiae
402 3518 547 3582 seruitia
565 3518 713 3601 pleniter
727 3525 767 3583 ut
782 3519 931 3602 praefati
945 3538 1065 3584 sumus
1081 3520 1161 3586 inde
1169 3542 1247 3603 per-

199 3617 389 3684 soluantur.
436 3615 506 3680 Ast
522 3618 551 3680 si
570 3617 652 3700 quid
675 3618 909 3700 praelatorum
935 3619 1053 3684 delicti
1070 3622 1248 3702 praeuari-

200 3717 312 3783 cautis
326 3735 433 3781 causa
453 3716 599 3780 defuerit
618 3717 744 3795 iurum,
761 3719 1069 3800 praeuaricationis
1086 3719 1248 3786 delictum

198 3812 386 3882 secuudum
417 3815 511 3897 quod
533 3816 703 3898 praesulis
732 3818 788 3881 ius
813 3826 867 3882 est
894 3813 1064 3894 emendet,
1096 3828 1159 3885 aut
1178 3821 1249 3902 illo

200 3936 270 4001 quo
292 3923 396 3980 antea
416 3916 548 3997 potitus
571 3923 625 3977 est
648 3913 739 3979 dono
761 3907 798 3981 et
823 3926 917 3982 terra
939 3924 1066 3982 careat.
1111 3918 1149 3984 Si
1171 3920 1249 4004 quis

199 4037 298 4092 uero,
315 4014 452 4079 diabolo
473 4015 674 4096 instigante,
700 4015 793 4095 quud
816 4017 955 4080 minime
971 4022 1143 4098 optamus,
1160 4023 1252 4087 exti-

198 4117 294 4191 terit,
307 4115 367 4195 qui
376 4133 438 4196 per
449 4113 822 4180 nostrumbeneficium
836 4114 1037 4182 aecclesiam
1053 4117 1109 4183 dei
1119 4119 1252 4200 fraude,
