2850 4876
451 352 625 403 casurae
647 353 992 403 rucmssxourcuu.
1208 341 1251 405 51

201 508 474 593 appropinquare
507 509 716 585 dinoscitur;
755 516 795 573 ut
829 509 981 573 ueridica
1012 510 1141 576 Christi
1170 531 1251 594 pro-

201 608 331 689 mulgat
347 609 520 672 sententia
530 628 601 690 qua
611 609 722 686 dicit,‘
733 609 860 689 Surget
871 629 955 690 gens
967 618 1086 674 contra
1099 620 1250 691 gentem,

199 713 229 770 et
244 726 392 788 regnum
410 706 576 772 aduersus
593 707 760 789 regnum,’
777 715 813 772 et
826 709 969 790 reliqua.
1015 707 1248 788 Quamobrem

198 823 259 886 ego
300 806 443 888 Eadgar
480 807 587 871 totius
625 808 843 871 Brittanniae
875 807 1038 884 basileuS,
1072 810 1247 892 quandam

197 904 329 968 telluris
353 906 571 988 particulam,
600 922 665 970 ,uu
695 905 855 970 uidelicet
884 914 1053 984 cassatos,
1082 909 1159 971 loco
1187 910 1246 991 qui

196 1003 321 1068 celebri
352 1012 400 1068 act
427 1005 628 1069 Henneritte
656 1015 876 1087 nuncupatur
897 1006 1079 1082 uocabulo,
1105 1016 1247 1072 sanctae

195 1101 246 1167 dei
268 1103 460 1168 aecclesiae
483 1105 605 1169 beatae
628 1105 682 1169 dei
706 1106 865 1186 genitrici
887 1123 1090 1188 semperque
1120 1107 1246 1187 uirgini

196 1199 334 1266 liariae
351 1203 388 1265 in
416 1202 632 1267 Abbendune
650 1203 795 1280 dicatae,
812 1211 980 1286 perpetua
998 1205 1147 1286 largitus
1168 1224 1246 1269 sum

193 1299 421 1378 haereditate,
437 1321 517 1366 cum
539 1302 696 1367 omnihus
718 1303 934 1378 utensilibus,
948 1304 1058 1386 pratis
1071 1304 1245 1382 uidelicet,

190 1401 344 1482 pascuiS,
366 1400 477 1466 siluis.
512 1401 720 1467 1Sitautem
742 1402 956 1484 praedictum
978 1422 1037 1465 rus
1061 1405 1154 1467 omni
1176 1411 1243 1467 ter-

189 1518 299 1564 renae
315 1501 509 1565 seruitutis
537 1501 619 1582 iugo
648 1502 804 1576 liberum,
831 1502 941 1565 trihus
968 1503 1134 1584 exceptis,
1167 1512 1245 1567 rata

187 1599 356 1664 uidelicet
389 1600 619 1682 expeditione,
654 1601 769 1682 pontis
808 1601 945 1663 arcisue
982 1603 1242 1667 restauratione.

185 1697 226 1762 Si
242 1699 325 1782 quis
340 1699 448 1780 igitur
460 1700 551 1763 hanc
568 1706 720 1770 nostram
736 1700 955 1771 donationem
973 1701 1009 1762 in
1027 1699 1119 1764 aliud
1138 1719 1242 1782 quam

184 1798 437 1862 constituimus
456 1798 655 1863 transferre
683 1793 845 1875 uoluerit,
876 1798 1036 1880 priuatus
1070 1803 1243 1864 consortio

184 1905 335 1965 sanctae
372 1896 427 1960 dei
465 1898 665 1974 aecclesiae,
700 1898 848 1961 aeternis
885 1896 1047 1962 barathri.
1077 1899 1242 1962 incendiis

185 1995 350 2078 lugubris
363 1997 499 2079 iugiter
528 2016 605 2061 cum
630 1995 719 2060 Iuda
742 1996 872 2060 Christi
900 1996 1076 2078 proditore
1101 1998 1243 2081 eiusque

184 2094 416 2178 complicibus
432 2097 608 2177 puniatur,
625 2097 742 2159 sinon
758 2095 994 2160 satisfactione
1008 2094 1244 2160 emendauerit

185 2212 346 2276 congrua
359 2195 452 2276 quod
469 2202 592 2260 contra
605 2202 761 2259 nostrum
774 2194 920 2277 deliquit
936 2194 1122 2258 decretum.
1174 2194 1242 2258 His

186 2294 294 2358 metis
307 2293 502 2376 praelatum
518 2313 577 2358 rus
589 2294 670 2358 hinc
684 2295 762 2358 inde
777 2303 932 2376 gyratur.
982 2294 1085 2356 Dises
1100 2293 1243 2375 landge-

187 2383 299 2457 msera
321 2413 386 2476 syn
400 2385 556 2476 gemmae
575 2384 640 2459 sua
654 2399 725 2458 ’dect
742 2384 793 2457 lis
812 2393 894 2457 aefre
911 2411 1000 2457 aecer
1016 2391 1125 2455 under
1141 2411 1240 2458 secer.

188 2489 294 2556 Anno
320 2493 511 2558 dominicae
527 2494 772 2559 incarnationis
791 2508 1020 2558 .ncccc.nx11.
1043 2494 1174 2576 scripta
1189 2501 1242 2556 est

187 2590 274 2656 haec
290 2599 398 2656 carta.

245 2691 284 2772 ›1‹
307 2691 383 2774 Ego
406 2692 546 2774 Eadgar
568 2710 629 2754 rex
643 2688 848 2772 -Anglorum
876 2691 1044 2754 consensi.
1102 2692 1141 2772 ›1‹
1164 2690 1241 2771 Ego

190 2790 353 2855 Dunstan
370 2790 648 2874 archiepiscopus
664 2791 897 2854 corroboraui.
947 2791 986 2871 ›1‹
1004 2788 1079 2871 Ego
1096 2787 1241 2852 Oscutel

190 2890 466 2972 archiepiscopus
498 2890 709 2954 confirmaui.
766 2890 806 2971 »χι
830 2888 906 2970 Ego
931 2888 1037 2952 Osulf
1059 2889 1240 2970 episcopus

190 2988 414 3053 consolidaui.
471 2991 510 3071 ›1‹
530 2989 607 3070 Ego
626 2987 804 3072 Byrhtelm
825 2989 1007 3070 episcopus
1027 2987 1238 3051 confirmauit

194 3090 230 3170 '1⁴
251 3088 475 3170 Ego-AEtlulf
483 3089 666 3171 episcopus
679 3087 913 3152 corroborari.
963 3087 1002 3168 ›1‹
1025 3086 1101 3168 Ego
1117 3086 1238 3151 AEileh

188 3188 292 3251 uuold
330 3189 447 3251 abhas.
529 3189 576 3269 ›1‹
607 3187 683 3267 Ego
721 3186 880 3251 AElfhere
918 3185 1003 3250 dux.
1083 3187 1122 3267 ›1‹
1161 3185 1238 3267 Ego

190 3284 349 3351 AEltheah
363 3287 448 3352 dux.
499 3288 538 3368 ›1‹
555 3287 631 3367 Ego
644 3285 826 3349 AE’delstan
835 3286 919 3349 dux.
968 3285 1011 3369 »Β
1030 3284 1238 3364 EgoAEilel·

188 3387 290 3450 uuold
314 3387 399 3451 dux.
450 3388 489 3468 ›1‹
512 3386 588 3467 Ego
606 3385 787 3468 Byrhmos
805 3384 889 3448 dux.
937 3382 980 3466 »Β
999 3382 1076 3462 Ego
1100 3383 1238 3464 AElfgar

189 3487 351 3550 minister.
386 3487 435 3567 ›1‹
456 3485 533 3567 Ego
552 3484 733 3548 AElsuuine
746 3484 911 3547 minister.
955 3482 994 3563 ›1‹
1015 3481 1091 3562 Ego
1109 3480 1238 3562 Byrht‘-

187 3583 259 3650 serit
287 3584 455 3649 minister.
495 3585 554 3669 ᾖ
583 3584 659 3665 Ego
689 3583 837 3664 AElssige
865 3582 1030 3645 minister.
1057 3612 1060 3627 =
1087 3580 1131 3664 ›1‹
1161 3581 1236 3660 Ego

187 3683 576 3749 AEneluuineminister.
631 3684 670 3764 ›1‹
692 3683 769 3763 Ego
786 3681 965 3746 Uulfhelm
981 3680 1146 3745 minister.

1310 2404 1331 2449 ῤ
