2850 4876
435 370 611 420 canaria
638 370 986 420 anonossxonroan.
1198 355 1243 418 47

182 530 321 595 animae
343 529 560 595 commodum
582 529 789 611 deputamus
812 536 963 606 nostrae,
989 530 1072 612 quin
1097 528 1242 611 praede·

182 650 360 696 caseorum
377 637 570 695 nostrorum
588 630 725 694 decreto
740 630 926 708 firmemus,
942 630 1007 694 hoc
1021 629 1243 694 aeternaliter

182 738 376 797 statuentes
408 738 447 796 ut
477 730 575 813 impii
605 730 734 812 quique
772 750 793 793 a
824 731 1017 813 priuilegiis
1055 729 1242 812 praedictis

185 831 329 897 Christo
359 832 494 896 tonanti
520 830 603 913 quid
633 828 841 907 auferentes
865 833 929 894 sub
961 831 1183 895 anathemate
1206 830 1242 892 in

185 940 367 997 aeternum
389 951 468 995 cum
490 931 628 995 diabolo
646 931 847 1013 puniantur.
901 930 973 1011 Qui
988 950 1073 995 uero
1089 930 1178 995 hanc
1205 929 1243 993 li-

183 1034 355 1097 bertatem
373 1032 532 1114 augendo
549 1030 739 1095 firmauerit
756 1032 925 1108 illaesam,
943 1032 1099 1113 piissimo
1121 1032 1244 1095 libere-

185 1140 244 1196 tur
261 1152 283 1196 a
301 1132 453 1209 domino,
469 1152 547 1195 curn
565 1131 755 1195 nouissima
772 1132 964 1197 insonuerit
980 1133 1077 1209 tuba,
1095 1131 1242 1196 reddens

185 1232 313 1316 cuique
329 1231 518 1298 secundum
535 1248 640 1314 opera
657 1250 733 1296 sua.

543 1524 892 1591 nccxxxvur.

554 1630 879 1754 ulneia‚aa.

245 1829 286 1910 »1⁴
303 1826 466 1892 Guarsro
484 1826 566 1891 theo
581 1827 617 1890 in
635 1826 852 1890 saeculorum
868 1827 1008 1891 saecula
1023 1828 1158 1892 coelum
1174 1836 1243 1893 ter·

193 1947 335 2011 ramque
350 1928 511 2010 regente!
558 1927 759 1991 Humanum
775 1946 884 2009 genus
900 1929 944 1991 ab
962 1937 1039 1991 ortu
1057 1948 1121 1993 suo
1137 1929 1244 1993 fluere

192 2048 304 2111 usqne
328 2028 372 2092 ad
400 2035 544 2091 mortem
573 2027 762 2092 deficiendo
791 2027 939 2092 uidetur.
992 2028 1059 2091 Sed
1077 2030 1155 2110 pius
1170 2049 1243 2092 om·

193 2129 285 2193 nium
304 2129 472 2193 uirtutum
493 2136 639 2205 amator,
662 2128 722 2209 qui
743 2147 806 2190 nos
824 2129 920 2210 cupit
941 2127 1097 2192 deuitare
1115 2130 1243 2193 malum

192 2229 386 2312 sectarique
402 2230 541 2304 bonum,
559 2228 686 2293 cotidie
701 2227 743 2292 de
758 2228 977 2292 lacrimarum
996 2227 1088 2291 ualle
1106 2229 1150 2293 ad
1165 2248 1243 2294 coe-

192 2328 294 2395 lestia
307 2348 416 2411 regna
433 2347 523 2411 quae
536 2336 732 2393 nostrarum
751 2329 917 2392 mentium
932 2347 1056 2392 sensus
1068 2328 1244 2394 excedunt

192 2429 240 2495 ire
254 2428 424 2494 foeliciter
438 2435 621 2506 monstrat,
638 2428 722 2512 quia
741 2434 882 2493 aeterna
901 2437 1099 2494 sanctorum
1115 2430 1244 2512 gaudia

195 2548 286 2593 nnnc
308 2529 519 2611 cogitatione
541 2528 715 2612 penetrari
737 2536 893 2610 possunt.
946 2529 1046 2593 Unde
1069 2551 1134 2613 ego
1153 2531 1245 2595 Ead-

194 2649 258 2711 gar
271 2649 334 2693 rex
348 2627 554 2711 Anglorum,
566 2629 701 2693 cuidam
717 2647 794 2692 meo
809 2629 901 2693 fideli
915 2630 1071 2695 ministro
1088 2632 1243 2696 uocitato

195 2730 333 2795 nomine
357 2729 523 2794 Eadwine
547 2745 628 2794 mx,
650 2748 789 2793 mansas
812 2730 1061 2813 perpetualiter
1082 2732 1244 2809 concedo,

195 2830 267 2895 illic
281 2830 340 2894 ubi
356 2827 507 2912 Anglica
531 2829 763 2913 appellatione
781 2829 907 2895 dicitur
924 2838 982 2894 aet
1003 2830 1186 2908 Mordune,
1205 2840 1245 2897 ut

197 2937 325 2996 terram
344 2931 412 2994 iarn
434 2929 638 3012 praefatam,
658 2950 735 2995 meo
757 2930 889 2996 scilicet
913 2938 1041 2995 ouante
1066 2951 1244 3008 concessu,

197 3030 391 3096 tramitibus
405 3048 489 3094 suae
506 3031 683 3113 possideat
701 3032 813 3109 uitae;
837 3031 999 3114 deinceps
1014 3050 1162 3114 namque
1178 3032 1244 3097 sibi

197 3130 394 3197 succedenti
422 3131 626 3213 cuicumque
660 3131 810 3195 uoluerit
844 3130 982 3196 haeredi
1015 3132 1244 3216 derelinquat,

197 3252 260 3298 ceu
286 3231 456 3316 praedixi,
482 3232 518 3294 in
542 3239 719 3296 aeternam
743 3230 1000 3295 haereditatem.
1052 3233 1105 3297 Sit
1129 3242 1244 3297 autern

197 3333 409 3417 praedictum
435 3350 494 3395 rus
519 3332 665 3397 liberum
689 3332 734 3395 ab
753 3330 846 3394 omni
870 3330 1036 3394 mundiali
1053 3332 1245 3410 obstaculo,

197 3452 273 3499 cnrn
298 3431 456 3497 omnibus
478 3452 567 3515 quae
589 3433 633 3496 ad
659 3433 772 3515 ipsum
797 3430 911 3495 locum
937 3431 1108 3514 pertinere
1129 3431 1253 3496 dinos-

197 3543 335 3611 cuntur,
350 3538 422 3597 tam
439 3533 477 3596 in
493 3534 627 3615 magnis
642 3552 747 3615 quam
764 3532 800 3595 in
816 3531 959 3595 modicis
975 3531 1089 3606 rebus,
1101 3532 1244 3614 campis,

198 3635 348 3718 pascuis,
370 3633 491 3715 pratia,
516 3633 626 3711 siluis,
647 3633 720 3697 sine
744 3632 976 3715 expeditione,
1001 3639 1037 3695 et
1058 3632 1173 3713 pontis
1191 3650 1247 3695 ar-

198 3736 292 3800 oisne
307 3733 544 3797 instructione.
598 3733 836 3798 Minuentibus
857 3753 940 3798 nero
958 3739 1064 3815 atque
1085 3731 1245 3814 frangen-

199 3835 292 3900 tibus
326 3833 414 3897 hanc
444 3831 678 3910 donationem,
704 3833 796 3916 quod
820 3841 903 3916 opto
931 3834 1022 3897 absit
1047 3851 1069 3895 a
1095 3832 1245 3896 fidelium

197 3935 381 4009 mentibus,
399 3933 461 3997 fiat
483 3953 564 4015 pars
581 3953 700 3998 eorum
722 3933 892 3997 cumillis
914 3932 1102 4015 dequibus
1125 3940 1247 3997 contra

198 4036 303 4113 fatur,
319 4033 520 4098 ‘Discedite
538 4053 559 4097 a
575 4052 630 4096 me
647 4032 789 4113 maligni
807 4032 972 4113 inignem
991 4039 1169 4096 aeteruum
1186 4034 1245 4116 qui

198 4143 339 4218 paratus
369 4140 422 4197 est
450 4134 601 4198 Satanae
628 4142 663 4196 et
687 4131 895 4196 satellitibus
923 4131 1022 4210 eius,'
1046 4132 1113 4195 nisi
1138 4134 1246 4215 prins,
