2850 4876
183 353 229 418 26
441 368 613 417 curaris
635 364 982 416 nncuosaxonroan.

188 526 291 591 ditori
308 545 350 591 ac
371 525 581 590 moderatori
597 523 764 603 omnium,
784 531 941 606 tempora
962 525 1022 607 qui
1037 544 1104 589 sua
1120 524 1240 590 multi·

187 627 290 691 moda
320 646 543 709 componens.
562 626 772 691 cromatibus
800 626 975 708 potentiae
1002 631 1042 690 ut
1069 625 1241 709 placuerit

189 728 370 792 terminum
398 727 563 809 imponet,
591 745 725 790 necnon
751 733 786 789 et
811 727 944 791 cunctis
972 726 1177 791 mortalibus
1202 727 1239 791 in

189 827 254 891 bac
282 828 436 910 practica
459 827 534 891 uita
557 826 762 908 degentibus
783 835 919 891 certum
948 834 988 892 ut
1010 834 1241 910 proposuerat

189 927 320 991 dierum
346 926 529 991 terminum
545 927 742 994 constituet.
798 925 953 1011 Ideoque
976 928 1112 992 cunctis
1133 946 1240 1010 agan-

189 1029 271 1091 dum
300 1035 364 1106 est,
390 1035 430 1091 ut
454 1027 510 1091 hic
536 1028 652 1110 probis
682 1028 818 1092 actibus
850 1027 992 1092 futurae
1013 1027 1240 1093 beatitudinis

188 1129 410 1194 foelicitatem
434 1127 654 1194 aeternaliter
677 1127 821 1209 adipisci
846 1135 1051 1194 mereantur.
1103 1127 1238 1208 Quam·

189 1230 305 1294 obrem
331 1249 396 1310 ego
413 1229 555 1310 Eadgar
575 1229 682 1292 totius
706 1228 907 1293 Britanniae
931 1230 1028 1311 regni
1049 1228 1135 1293 solio
1155 1230 1238 1293 sub·

189 1330 415 1407 thronizatus,
432 1331 475 1393 ob
492 1329 626 1393 animae
647 1347 744 1392 meae
763 1329 961 1407 remedium,
982 1330 1155 1411 quandam
1177 1329 1241 1394 tel·

190 1431 275 1494 luris
300 1430 507 1512 particulam
537 1429 674 1495 cuidam
695 1429 884 1492 uenerabili
911 1430 1060 1494 antistiti
1084 1429 1239 1513 mihique

189 1531 499 1611 consanguinitatis
531 1549 626 1593 nexu
655 1529 829 1618 copulato,
863 1530 923 1611 qui
953 1549 975 1594 a
1003 1529 1122 1612 peritis
1153 1537 1240 1595 noto

190 1630 359 1694 Brihtelm
379 1638 598 1712 nuncupatur
619 1636 789 1704 onomate,
809 1646 856 1692 .x.
875 1631 1006 1695 scilicet
1022 1637 1239 1694 cassatorum

158 1750 160 1753 ·
189 1731 266 1795 loco
281 1729 407 1794 celebri
427 1731 487 1812 qui
508 1750 530 1793 a
549 1730 714 1811 gnosticis
736 1730 946 1812 Ytingstoce
969 1730 1178 1808 nominatur,
1201 1731 1239 1794 in

190 1831 364 1914 propriam
388 1828 553 1912 quamdiu
579 1830 710 1894 uixerit
732 1829 879 1912 largitus
901 1850 978 1894 sum
1004 1837 1236 1913 potestatem

190 1938 225 1995 et
253 1937 333 2013 post
359 1930 517 1995 ultimum
543 1930 637 1994 uitae
665 1948 749 1994 suae
777 1930 962 1994 terminum
990 1931 1034 1994 ad
1060 1938 1238 1995 uetustum

190 2031 434 2096 monasterium
458 2029 570 2095 sancti
598 2029 695 2095 Petri
719 2030 883 2113 principis
913 2032 1161 2114 apostolorum,
1183 2033 1241 2097 cui

190 2132 366 2214 praefatus
383 2131 557 2215 praesidet
573 2131 765 2216 episcopus.
818 2130 872 2195 Sit
886 2138 1004 2195 autem
1024 2132 1238 2215 praedictum

188 2253 248 2296 rus
263 2234 356 2297 omni
376 2241 534 2297 terrenae
556 2233 737 2297 seruitutis
760 2231 843 2315 iugo
865 2231 1022 2311 liberum,
1045 2233 1155 2296 tribus
1178 2252 1241 2298 ex·

189 2334 309 2416 ceptis,
337 2341 416 2398 rata
442 2332 604 2396 uidelicet
630 2331 863 2415 expeditione,
887 2333 1003 2414 pontis
1026 2333 1161 2398 arcisue
1184 2353 1240 2399 re·

189 2433 413 2497 stauratione.
467 2433 503 2496 Si
519 2433 596 2515 quis
613 2433 722 2513 igitur
736 2431 826 2494 hanc
840 2441 995 2498 nostram
1017 2433 1240 2499 donationem
1269 2471 1272 2476 -

190 2535 226 2597 in
242 2532 335 2596 aliud
352 2552 456 2614 quam
471 2531 712 2596 constituimus
736 2533 921 2597 transferre
944 2534 1104 2611 uoluerit,
1121 2535 1240 2617 priua·

189 2641 246 2698 tus
264 2632 437 2697 consortio
459 2639 600 2697 sanctae
624 2631 680 2695 dei
699 2632 898 2710 aecclesiae,
914 2635 1063 2698 aeternis
1083 2634 1242 2700 barathri

190 2734 355 2799 incendiis
378 2733 533 2816 lugubris
556 2732 684 2814 iugiter
701 2753 777 2798 oum
799 2733 890 2797 luda
909 2734 1084 2817 proditore
1108 2732 1240 2800 christi

190 2834 333 2916 eiusque
365 2833 589 2916 complicibus
621 2834 794 2915 puniatur,
837 2834 876 2898 si·
902 2854 971 2898 non
1002 2833 1241 2901 satisfactione

189 2934 424 2998 emendauerit
456 2951 610 3016 congrua
633 2935 725 3016 quod
756 2941 878 3000 contra
910 2944 1067 3002 nostrum
1093 2935 1241 3020 deliquit

189 3036 375 3100 decretum.
437 3034 506 3098 His
536 3033 637 3098 metis
667 3053 727 3099 rus
752 3034 818 3099 hoc
843 3042 999 3120 gyratur.
1063 3034 1131 3101 Dis
1157 3044 1241 3121 synt

188 3123 272 3200 bara
295 3153 344 3199 .x.
367 3124 451 3197 hida
475 3123 706 3217 landgcma‘ere
727 3126 766 3201 to
790 3135 1008 3217 Ytingstoce.
1069 3136 1190 3202 AErest
1205 3137 1247 3202 of

191 3237 337 3317 Breting
369 3223 480 3299 miride
511 3236 772 3301 noraeweardre
807 3227 851 3301 fit
881 3256 926 3301 ou
959 3236 1111 3317 Iccnau3
1151 3236 1241 3302 fram

191 3337 381 3418 Brentinge
401 3325 440 3399 to
459 3324 554 3401 aare
576 3336 819 3419 gearnwindan
845 3337 915 3417 set3
939 3336 980 3400 of
998 3327 1093 3403 litere
1113 3356 1240 3419 gearn-

190 3437 328 3502 windan
356 3436 415 3500 feet
435 3427 474 3502 to
498 3437 647 3520 stybban
671 3437 777 3500 suade
800 3425 872 3501 δῶν
898 3435 942 3502 ba
962 3444 1098 3520 twegen
1121 3457 1240 3521 wegas

191 3528 366 3620 tblicga’63
392 3542 509 3600 bonon
537 3527 575 3601 t6
600 3544 728 3601 cuntan
755 3534 873 3616 beale;
906 3537 946 3602 of
965 3525 1048 3601 tiam
1075 3537 1174 3602 heale
1201 3529 1240 3604 to

190 3630 322 3703 wifeles
350 3636 491 3717 stigele;
523 3635 563 3700 ol
579 3624 675 3700 aare
699 3635 823 3717 stigele
851 3626 889 3700 ῑὸ
914 3637 1176 3719 Geolesbnrua3
1204 3639 1246 3704 of

190 3728 272 3803 iiam
290 3739 423 3816 burnan
440 3725 479 3799 to
495 3725 578 3799 tiam
592 3723 722 3799 rebdan
744 3735 887 3816 fordan3
914 3738 954 3803 oi
970 3726 1052 3803 bam
1074 3738 1175 3803 forda
1197 3729 1241 3804 slt

192 3857 237 3900 0n
260 3837 367 3900 Icena
389 3856 435 3900 on
456 3840 516 3900 rtet
531 3842 716 3918 westste’e3
741 3826 783 3900 fit
802 3837 953 3920 andlang
967 3837 1169 3904 weststabes
1192 3839 1243 3906 eft

192 3955 237 3999 on
260 3936 431 4018 Brenting
451 3924 527 4000 aar
543 3955 595 4000 we
619 3954 668 4000 aer
687 3936 874 4020 onfengon.
924 3936 1029 4003 Anno
1050 3938 1242 4005 dominicae

191 4035 440 4100 incarnationis
461 4052 655 4100 ¹nccccnn.
673 4038 803 4120 scripta
823 4045 877 4101 est
894 4038 1071 4116 certabis
1094 4039 1243 4105 testibus

189 4134 482 4202 consentientibus
498 4156 645 4219 quorum
659 4137 801 4203 inferius
817 4138 956 4204 nomina
971 4146 1194 4206 caraxantur.
