2850 4876
441 372 614 421 cusam
636 372 982 422 Aucuossxomoas.
1171 356 1237 419 155

185 517 363 592 Wulfsts'rn
382 529 626 613 archebisceop
644 531 713 595 and
734 530 859 613 Lyfing
877 531 1016 611 bisceop
1031 530 1098 593 and
1117 529 1238 594 AE’del-

185 618 234 691 rio
257 628 397 712 bisceop
420 629 489 693 and
509 631 664 695 AEdelsie
689 631 828 712 bisceop
852 631 920 693 and
947 617 1077 694 Eadric
1101 629 1236 694 ealdor-

184 746 263 791 man
289 730 356 792 and
379 719 571 795 AEiielmffer
591 731 789 796 ealdorman
813 731 882 794 and
903 728 1092 794 AE’celsand
1112 728 1237 794 AE’tel·

184 819 296 893 meres
311 847 414 907 sunu,
428 830 496 893 and
514 820 686 894 Ledfsuna
703 829 819 894 abbud
842 838 888 895 aet
904 829 1039 907 Cernel,
1056 830 1124 894 and
1141 829 1234 892 AElf·

185 935 243 1008 get
259 927 428 1010 Hengnas
442 949 532 994 sunu
548 930 616 994 and
634 930 776 994 Siwaerd
792 931 860 995 and
874 921 1031 994 Brihtric
1047 918 1154 993 reida
1168 929 1237 993 and

185 1027 272 1090 ealle
292 1034 340 1093 tta
360 1029 510 1094 ildostan
531 1034 672 1116 paegnas
695 1050 741 1095 on
763 1031 951 1095 Dorsaeton
968 1028 1035 1093 and
1056 1029 1237 1094 Ealdwine
1311 1095 1313 1100 ,

186 1117 304 1210 prebet
331 1129 400 1193 and
430 1120 582 1195 Wulfric
613 1122 733 1212 prcost
761 1131 829 1194 and
862 1120 1020 1194 Lofwiue
1051 1130 1238 1211 eselinges

186 1227 326 1293 disctSen
341 1230 409 1294 and
427 1229 562 1313 AElsget
575 1231 644 1294 and
659 1230 829 1295 AElswerd
846 1230 900 1295 bis
913 1221 1051 1294 anilitas
1065 1230 1131 1294 and
1149 1229 1238 1294 ealle

185 1331 229 1391 tie
245 1319 376 1411 geddeo
390 1329 487 1393 hired
503 1350 593 1396 men.

608 1627 819 1694 Mccclll.

532 1773 792 1854 AEDELREQ
814 1776 910 1840 1007.

243 1929 282 2009 ›1‹
305 1924 443 1989 Honos
459 1930 495 1988 et
511 1923 623 2006 gloria
639 1924 792 1987 omnium
807 1923 976 1987 conditori
991 1929 1240 1999 creaturarum,

191 2027 248 2109 qui
263 2047 327 2109 pro
342 2044 429 2108 pace
444 2023 601 2089 caritatis
620 2024 671 2088 sic
688 2023 876 2088 humanum
899 2024 943 2087 ab
963 2023 1110 2086 inuicem
1131 2041 1240 2104 genus

191 2127 376 2210 separauit,
410 2132 451 2189 ut
483 2131 554 2188 tam
581 2124 675 2188 serui
704 2143 809 2206 quam
838 2124 978 2200 domini,
1008 2130 1081 2187 tam
1111 2122 1241 2189 subditi

191 2246 293 2309 quam
324 2225 483 2308 praelati,
514 2244 577 2306 per
601 2223 720 2287 mundi
755 2224 920 2287 terminos
948 2223 1050 2287 simul
1081 2222 1242 2288 adessent

190 2327 351 2402 mansuri,
368 2332 556 2406 tantaeque
571 2324 751 2388 caritatem
767 2323 956 2388 dulcedinis
969 2323 1183 2387 dominorum
1200 2342 1242 2387 ac

191 2427 422 2509 praelatorum
449 2425 608 2489 cordibus
634 2418 819 2502 inmiscuit,
847 2432 887 2487 ut
912 2424 1069 2488 seruulos
1096 2442 1137 2486 ac
1159 2423 1240 2486 snb·

192 2526 283 2591 ditos
307 2531 428 2608 utpote
453 2525 612 2607 proprios
639 2524 822 2606 diligerent
848 2522 983 2587 filiolos,
1047 2522 1150 2588 Unde
1175 2542 1241 2604 ego

194 2625 403 2692 AEtielredus
415 2622 609 2706 Anglorum
624 2644 697 2700 rex,
711 2631 832 2688 notum
846 2624 951 2688 affore
967 2624 1069 2707 cupio
1085 2623 1241 2687 omnibus

193 2725 363 2808 Anglicae
394 2725 481 2788 fines
513 2725 665 2806 regionis
697 2725 970 2807 cuicumquaque
1001 2724 1242 2801 incolentibus,

193 2825 284 2908 quod
309 2824 449 2908 quidam
470 2843 578 2900 menS,
599 2824 763 2888 uidelicet
782 2844 878 2889 meus
895 2824 1125 2907 praepositus,
1147 2823 1241 2888 claro

195 2925 333 3008 AElsgar
363 2924 536 2989 uocitatus
572 2924 722 3000 nomine,
751 2944 848 2988 meae
878 2926 1057 2989 obtutibus
1091 2923 1241 2988 occurrit

195 3026 421 3108 praesentiae,
445 3031 567 3106 petens
589 3024 656 3088 sibi
678 3041 770 3089 ‚vua
794 3024 914 3106 largiri
938 3044 1076 3089 mansos
1099 3025 1135 3088 in
1164 3023 1242 3088 loco

195 3127 254 3208 qui
280 3124 428 3207 Anglica
450 3124 576 3189 dicitur
604 3125 835 3206 appellatione
859 3132 906 3189 aet
933 3124 1144 3201 Wealtham,
1168 3124 1244 3188 auri

195 3246 333 3308 quoqne
348 3224 483 3307 pondus
506 3223 686 3289 rubicundi
705 3224 907 3306 argentique
925 3242 1050 3287 munus
1070 3224 1245 3305 purissimi

195 3326 391 3409 appendens
406 3346 468 3408 pro
487 3325 649 3389 trecentis
664 3325 782 3388 criseis
803 3323 1041 3405 adpraeciauit
1059 3324 1243 3399 mancusis,

196 3426 397 3508 deuotisqne
424 3425 581 3490 manibus
600 3424 636 3487 in
658 3431 846 3507 conspectu
871 3443 968 3487 meae
997 3423 1124 3487 obtulit
1146 3441 1244 3504 prae·

196 3526 348 3599 sentiae;
374 3545 439 3607 ego
450 3527 557 3606 igitur
568 3525 689 3590 uidens
700 3525 772 3589 uidi
783 3544 866 3589 suae
877 3523 1095 3588 deuotionem
1107 3522 1244 3599 mentis,

195 3627 316 3709 suique
325 3625 461 3707 pristini
473 3625 694 3707 acceptabilis
705 3625 890 3690 recordans
903 3623 1047 3701 seruitii,
1058 3620 1244 3686 secundnm

196 3746 280 3790 snae
298 3726 488 3790 uoluntatis
503 3725 593 3789 uelle
611 3725 702 3808 quod
724 3726 864 3808 petebat
886 3723 1068 3805 adquieui3
1091 3722 1245 3787 concessi

198 3846 281 3908 ergo
298 3827 331 3891 ei
350 3833 475 3890 terram
498 3825 565 3889 iam
586 3824 779 3907 praefatam
801 3833 841 3889 ut
862 3826 898 3888 in
920 3824 1013 3886 omni
1034 3842 1117 3887 suae
1139 3822 1246 3886 curri·

196 3925 275 3991 culo
290 3925 467 4008 possideat
484 3926 597 4003 uitae;
621 3925 712 3989 etde
728 3925 860 4007 reliquo
877 3925 1080 4006 cuicumque
1096 3922 1244 3986 uoluerit

183 4026 334 4097 ,haeredi
357 4025 392 4089 in
415 4034 618 4107 perpetuam
641 4024 858 4106 derelinquat
882 4023 1140 4088 haereditatem.
1192 4021 1246 4085 Sit

196 4133 309 4191 autem
335 4125 547 4208 praedictum
570 4142 628 4186 rus
648 4122 792 4186 liberum
815 4124 859 4186 ab
882 4121 975 4184 omni
1001 4123 1166 4187 mundiali
1185 4122 1246 4185 ob·
