2850 4876
358 366 534 416 curnula
555 363 901 433 arenosaxourosr.
1087 353 1150 417 111

98 522 268 603 manassi,
299 531 341 589 nt
369 531 496 590 terram
525 525 594 590 iam
620 526 812 608 praefatam
842 527 1037 591 tramitibus
1066 546 1150 591 snae

97 624 279 708 possideat
301 624 417 704 nitae;
440 625 562 689 deinde
586 644 736 708 namque
762 626 829 690 sibi
856 625 1054 691 succedenti
1077 627 1150 690 cui·

98 743 249 808 cumque
288 725 437 790 uoluerit
467 725 607 789 haeredi
647 725 865 808 derelinquat
899 725 936 788 in
971 734 1149 790 aeternam

97 824 361 890 haereditatem.
424 824 570 888 Maneat
597 824 705 905 igitur
734 844 847 888 meum
878 824 944 890 hoc
975 826 1149 890 immobile

98 924 229 988 donum
244 930 385 987 aeterna
400 923 562 987 libertate
577 923 774 1002 iocundum,
790 943 867 988 cnm
885 924 1044 989 omnibns
1057 944 1148 1006 quae

98 1023 143 1088 ad
166 1023 283 1105 ipsum
301 1023 414 1086 locum
430 1023 603 1105 pertinere
618 1022 855 1100 dinoscuntur,
870 1031 941 1087 tam
957 1024 993 1086 in
1010 1024 1147 1104 magnis

97 1141 206 1207 qnam
230 1122 268 1185 in
283 1120 426 1185 modicis
442 1122 557 1197 rebus,
574 1123 718 1205 campis,
734 1122 885 1204 pascuis,
900 1123 1022 1206 pratis,
1039 1122 1149 1201 siluis,

99 1227 251 1303 excepto
273 1221 446 1285 communi
473 1221 603 1297 labore,
624 1222 858 1304 expeditione,
872 1222 989 1304 pontis
1015 1222 1149 1287 arcisue

100 1320 371 1385 constructione.
421 1319 459 1383 Si
475 1320 554 1402 quis
570 1319 677 1400 igitur
692 1321 838 1386 infestae
855 1322 1057 1404 rapacitatis
1074 1341 1149 1385 ma·

98 1417 182 1483 cula
214 1413 390 1495 seductus,
421 1418 488 1482 boc
512 1428 651 1483 nostrae
681 1413 1090 1486 munificentiae-donum
1111 1421 1148 1484 in

98 1515 257 1602 quolibet
287 1515 381 1582 aliud
407 1513 512 1601 qnam
543 1519 786 1583 constituimus
822 1527 977 1584 euertere
1002 1526 1150 1585 conatus

101 1615 473 1700 fueritjssequestra'tus
487 1636 510 1681 a
523 1619 760 1682 communione
782 1625 924 1683 sauctae
945 1619 1001 1683 dei
1017 1620 1149 1684 aeccle·

97 1718 174 1782 siae
188 1723 227 1781 et
243 1718 288 1781 ab
303 1715 436 1782 aeterni
457 1717 554 1799 regui
581 1713 858 1800 participatione,
878 1718 1079 1800 gehennalis
1095 1719 1156 1782 inm

99 1817 212 1882 csndii
230 1816 345 1898 globis
367 1811 550 1880 absorbtus
564 1824 725 1881 aeternae
750 1817 1005 1900 dampnationis
1027 1811 1158 1882 amarin-

99 1915 280 1982 tudinibus
299 1916 513 1992 ‘inuoluatun
528 1917 558 1980 si
576 1935 657 1980 non
677 1916 914 1982 satisfactione
941 1916 1151 1999 poenituerit

99 2033 267 2097 congrua,
288 2015 382 2098 qnod
409 2013 708 2098 nostroproterue
733 2015 872 2080 decreto
900 2017 1074 2080 contraire
1096 2016 1149 2079 ni-

100 2114 384 2197 chili-pendebat.
437 2115 514 2178 Rus
531 2133 679 2198 namque
696 2122 942 2199 praetaxatum
958 2114 1154 2179 manifestis-

100 2213 253 2296 undique
271 2210 431 2278 'terminis
454 2214 569 2277 minus
586 2214 768 2290 diuiditur,
779 2215 862 2297 quia
886 2215 1007 2296 iugera
1030 2213 1147 2277 altrin-

101 2311 203 2378 secus
219 2313 565 2396 copulataadiacent.
621 2315 730 2378 Facta
756 2323 810 2378 est
832 2314 992 2397 praefata
1009 2314 1159 2377 donatio

101 2432 193 2477 auno
229 2412 275 2475 ab
304 2413 540 2477 incarnatione
574 2413 704 2477 domini
734 2415 843 2477 nostri
882 2412 987 2477 ihesu
1021 2412 1151 2478 Christi

102 2527 238 2576 mcccc
240 2527 389 2574 nxxxn.

114 2613 197 2692 ›1‹
218 2610 296 2693 Ego
323 2609 491 2675 AEaeIred
517 2631 579 2675 rex
606 2609 800 2694 Anglornm
826 2611 1018 2694 praefatam
1045 2545 1152 2677 dona·

101 2711 229 2775 tionem
263 2708 549 2774 indeclinabiliter
584 2711 749 2776 concessi.
806 2712 844 2792 '1⁴
873 2712 954 2794 Ego
987 2713 1151 2776 Dnnstan

101 2810 379 2892 archiepiscopus
412 2809 622 2874 confirmari.
680 2810 825 2892 ›1⁴⁴Ego
854 2811 1011 2876 Osuuoid
1041 2811 1153 2876 archi-

102 2909 284 2993 episcopus
306 2909 500 2974 subarraui.
557 2911 596 2991 ›1‹
620 2909 705 2990 Ego
730 2905 942 2976 AE’deluuold
969 2912 1153 2994 episcopus

102 3009 314 3090 consignaui.
384 3010 423 3090 ›1‹
460 3009 536 3089 Ego
572 3009 727 3073 AElfstan
750 3005 943 3095 episcopus
981 3010 1156 3093 impressi.-

107 3110 146 3190 ›1‹
156 3109 239 3190 :Ego
252 3108 422 3188 AEseuuig
433 3109 614 3191 episcopus
627 3108 796 3173 consensi.
833 3111 874 3191 ιιι
890 3111 967 3193 Ego
982 3111 1153 3192 AEiielgar

102 3209 285 3291 episcopus
307 3208 544 3272 corroborari.
601 3211 640 3292 »χι
661 3209 737 3289 Ego·
764 3207 946 3292 AEaelsige
962 3209 1155 3293 episcopus

102 3307 304 3390 subscripsi.
358 3308 397 3388 ›1‹
426 3301 503 3388 Ego
534 3306 649 3372 Anuli
671 3309 855 3388 episcopus
887 3307 1051 3373 conclusi.
1091 3311 1147 3389 »ᾧ

56 3480 57 3483 ¹
104 3406 359 3489 Ego'AElfhere
374 3406 458 3470 dux.
509 3407 548 3487 ›1‹
564 3401 640 3490 Ego
654 3407 866 3472 AEaieiuuinc
883 3407 968 3473 dux.
1018 3409 1057 3489 ›1‹
1075 3407 1153 3488 Ego

103 3504 287 3590 Byrbtnoai
318 3503 402 3569 dux.
458 3508 497 3588 ›1‹
528 3506 617 3589 Ego
633 3501 845 3571 AEaieluuerd
875 3507 959 3572 dux.
1009 3509 1047 3589 '1⁴
1076 3507 1154 3587 Ego

104 3603 294 3671 AEi'delmaer
306 3604 393 3670 dux.
441 3607 480 3687 ›1‹
496 3605 572 3688 Ego
583 3605 767 3671 Eadnuine
782 3609 867 3673 dnn.
882 3667 895 3672 .,
917 3610 956 3690 ›1‹
972 3607 1048 3689 Ego
1064 3606 1155 3670 Ord-

102 3704 207 3789 byrbt
222 3705 354 3769 abbas.¹
397 3706 436 3786 ›1‹
460 3705 536 3786 Ego
562 3705 814 3788 Sigricabbas.
840 3755 843 3758 <
871 3708 1010 3790 ›11Ego
1031 3707 1154 3772 AE’aei-

103 3804 212 3870 uuerd
247 3804 366 3869 abbas.
431 3805 471 3885 ›1-
497 3805 579 3888 ⁴Ego
610 3805 792 3888 Byrhtnoa
819 3808 938 3871 abbas.
1004 3810 1055 3892 ᾧ·
1077 3807 1155 3893 Ego

104 3895 240 3970 Leoffic
249 3904 385 3970 mabbas
429 3905 468 3985 »ιι
485 3903 720 3987 EgoAElfbeh
737 3908 889 3970 abbas.
913 3908 952 3988 »ιι
973 3906 1049 3989 Ego
1064 3907 1155 3972 AElf
1176 3907 1178 3913 ’

103 4004 183 4076 bun
199 4004 319 4069 abbas.
375 4005 414 4085 »ιι
443 4003 520 4086 Ego
548 4004 762 4069 AE’deiuuerd
793 4005 959 4070 minister
1016 4010 1055 4090 ›1‹
1079 4007 1155 4090 ligo

104 4104 253 4169 AElfric
265 4092 430 4167 minister
497 4104 543 4188 ›1‹
573 4103 649 4184 Ego
680 4090 842 4186 Uulfsige
872 4104 1039 4173 minister.
1109 4109 1150 4189 ›1‹
