<?xml version="1.0" encoding="UTF-8"?>
<!DOCTYPE html PUBLIC "-//W3C//DTD XHTML 1.0 Transitional//EN"
    "http://www.w3.org/TR/xhtml1/DTD/xhtml1-transitional.dtd">
<html xmlns="http://www.w3.org/1999/xhtml" xml:lang="en" lang="en">
 <head>
  <title>
</title>
<meta http-equiv="Content-Type" content="text/html;charset=utf-8" />
  <meta name='ocr-system' content='tesseract 3.04.00' />
  <meta name='ocr-capabilities' content='ocr_page ocr_carea ocr_par ocr_line ocrx_word'/>
</head>
<body>
  <div class='ocr_page' id='page_1' title='image "./codexdiplomatic01kembgoog_0125.png"; bbox 0 0 2850 4876; ppageno 0'>
   <div class='ocr_carea' id='block_1_1' title="bbox 192 315 997 380">
    <p class='ocr_par' dir='ltr' id='par_1_1' title="bbox 192 315 997 380">
     <span class='ocr_line' id='line_1_1' title="bbox 192 315 997 380; baseline -0.005 0"><span class='ocrx_word' id='word_1_1' title='bbox 192 315 237 380; x_wconf 80' lang='lat'><strong>78</strong></span> <span class='ocrx_word' id='word_1_2' title='bbox 447 327 620 377; x_wconf 67' lang='lat' dir='ltr'><strong>curarim</strong></span> <span class='ocrx_word' id='word_1_3' title='bbox 648 326 997 376; x_wconf 76' lang='lat' dir='ltr'><strong>ANeLoshxortloAss.</strong></span> 
     </span>
    </p>
   </div>
   <div class='ocr_carea' id='block_1_2' title="bbox 197 482 1248 571">
    <p class='ocr_par' dir='ltr' id='par_1_2' title="bbox 197 482 1248 571">
     <span class='ocr_line' id='line_1_2' title="bbox 197 482 1248 571; baseline -0.003 -19"><span class='ocrx_word' id='word_1_4' title='bbox 197 491 236 570; x_wconf 77' lang='lat'><strong>›1‹</strong></span> <span class='ocrx_word' id='word_1_5' title='bbox 259 489 337 571; x_wconf 87' lang='lat' dir='ltr'><strong>Ego</strong></span> <span class='ocrx_word' id='word_1_6' title='bbox 369 486 551 552; x_wconf 86' lang='lat' dir='ltr'><strong>Eaduuine</strong></span> <span class='ocrx_word' id='word_1_7' title='bbox 577 486 745 550; x_wconf 86' lang='lat' dir='ltr'><strong>minister.</strong></span> <span class='ocrx_word' id='word_1_8' title='bbox 803 488 842 567; x_wconf 73' lang='lat'><strong>›1‹</strong></span> <span class='ocrx_word' id='word_1_9' title='bbox 865 485 943 566; x_wconf 88' lang='lat' dir='ltr'><strong>Ego</strong></span> <span class='ocrx_word' id='word_1_10' title='bbox 958 482 1153 549; x_wconf 87' lang='lat' dir='ltr'><strong>Leosuuine</strong></span> <span class='ocrx_word' id='word_1_11' title='bbox 1184 485 1248 549; x_wconf 94' lang='lat' dir='ltr'><strong>mi·</strong></span> 
     </span>
    </p>
   </div>
   <div class='ocr_carea' id='block_1_3' title="bbox 192 582 1249 869">
    <p class='ocr_par' dir='ltr' id='par_1_3' title="bbox 192 582 1249 869">
     <span class='ocr_line' id='line_1_3' title="bbox 193 582 1249 670; baseline -0.003 -19"><span class='ocrx_word' id='word_1_12' title='bbox 193 590 309 653; x_wconf 90' lang='lat' dir='ltr'><strong>nister.</strong></span> <span class='ocrx_word' id='word_1_13' title='bbox 375 591 414 670; x_wconf 74' lang='lat'><strong>›1‹</strong></span> <span class='ocrx_word' id='word_1_14' title='bbox 436 587 513 669; x_wconf 85' lang='lat' dir='ltr'><strong>Ego</strong></span> <span class='ocrx_word' id='word_1_15' title='bbox 532 585 655 649; x_wconf 89' lang='lat' dir='ltr'><strong>AElfric</strong></span> <span class='ocrx_word' id='word_1_16' title='bbox 674 586 839 650; x_wconf 80' lang='lat' dir='ltr'><strong>minister.</strong></span> <span class='ocrx_word' id='word_1_17' title='bbox 908 583 1046 670; x_wconf 71' lang='lat' dir='ltr'><strong>›1⁴Ego</strong></span> <span class='ocrx_word' id='word_1_18' title='bbox 1069 582 1249 667; x_wconf 73' lang='lat' dir='ltr'><strong>AEdelsige</strong></span> 
     </span>
     <span class='ocr_line' id='line_1_4' title="bbox 192 685 1248 772; baseline -0.001 -21"><span class='ocrx_word' id='word_1_19' title='bbox 192 689 357 753; x_wconf 86' lang='lat' dir='ltr'><strong>minister.</strong></span> <span class='ocrx_word' id='word_1_20' title='bbox 421 687 465 772; x_wconf 71' lang='lat'><strong>›1‹</strong></span> <span class='ocrx_word' id='word_1_21' title='bbox 498 686 576 768; x_wconf 85' lang='lat' dir='ltr'><strong>Ego</strong></span> <span class='ocrx_word' id='word_1_22' title='bbox 604 685 840 751; x_wconf 74' lang='lat' dir='ltr'><strong>AE’teluueard</strong></span> <span class='ocrx_word' id='word_1_23' title='bbox 863 686 1031 752; x_wconf 83' lang='lat' dir='ltr'><strong>minister.</strong></span> <span class='ocrx_word' id='word_1_24' title='bbox 1096 687 1137 765; x_wconf 71' lang='lat'><strong>&gt;1⁴</strong></span> <span class='ocrx_word' id='word_1_25' title='bbox 1169 685 1248 768; x_wconf 87' lang='lat' dir='ltr'><strong>Ego</strong></span> 
     </span>
     <span class='ocr_line' id='line_1_5' title="bbox 195 785 1075 869; baseline -0.002 -17"><span class='ocrx_word' id='word_1_26' title='bbox 195 787 319 852; x_wconf 85' lang='lat' dir='ltr'><strong>AElfric</strong></span> <span class='ocrx_word' id='word_1_27' title='bbox 336 786 504 851; x_wconf 85' lang='lat' dir='ltr'><strong>minister.</strong></span> <span class='ocrx_word' id='word_1_28' title='bbox 562 789 601 868; x_wconf 77' lang='lat'><strong>›1‹</strong></span> <span class='ocrx_word' id='word_1_29' title='bbox 624 786 701 869; x_wconf 92' lang='lat' dir='ltr'><strong>Ego</strong></span> <span class='ocrx_word' id='word_1_30' title='bbox 720 786 888 869; x_wconf 83' lang='lat' dir='ltr'><strong>Uulfgeat</strong></span> <span class='ocrx_word' id='word_1_31' title='bbox 909 785 1075 850; x_wconf 90' lang='lat' dir='ltr'><strong>minister.</strong></span> 
     </span>
    </p>
   </div>
   <div class='ocr_carea' id='block_1_4' title="bbox 606 1093 835 1160">
    <p class='ocr_par' dir='ltr' id='par_1_4' title="bbox 606 1093 835 1160">
     <span class='ocr_line' id='line_1_6' title="bbox 606 1093 835 1160; baseline 0 0"><span class='ocrx_word' id='word_1_32' title='bbox 606 1093 835 1160; x_wconf 85' lang='lat' dir='ltr'><strong>MCCLVII.</strong></span> 
     </span>
    </p>
   </div>
   <div class='ocr_carea' id='block_1_5' title="bbox 553 1211 878 1322">
    <p class='ocr_par' dir='ltr' id='par_1_5' title="bbox 553 1211 878 1322">
     <span class='ocr_line' id='line_1_7' title="bbox 553 1211 878 1322; baseline 0.012 -14"><span class='ocrx_word' id='word_1_33' title='bbox 553 1211 776 1322; x_wconf 72' lang='lat' dir='ltr'><strong>sinsin,</strong></span> <span class='ocrx_word' id='word_1_34' title='bbox 801 1245 878 1312; x_wconf 86' lang='lat' dir='ltr'><strong>oea</strong></span> 
     </span>
    </p>
   </div>
   <div class='ocr_carea' id='block_1_6' title="bbox 180 1376 1245 4163">
    <p class='ocr_par' dir='ltr' id='par_1_6' title="bbox 180 1376 1245 4163">
     <span class='ocr_line' id='line_1_8' title="bbox 248 1376 1245 1462; baseline 0.008 -19"><span class='ocrx_word' id='word_1_35' title='bbox 248 1383 287 1462; x_wconf 77' lang='lat'><strong>›1‹</strong></span> <span class='ocrx_word' id='word_1_36' title='bbox 305 1379 510 1444; x_wconf 73' lang='lat' dir='ltr'><strong>Ruorthuru</strong></span> <span class='ocrx_word' id='word_1_37' title='bbox 524 1376 686 1441; x_wconf 89' lang='lat' dir='ltr'><strong>Zabaoth</strong></span> <span class='ocrx_word' id='word_1_38' title='bbox 699 1376 736 1440; x_wconf 92' lang='lat' dir='ltr'><strong>in</strong></span> <span class='ocrx_word' id='word_1_39' title='bbox 749 1384 954 1460; x_wconf 88' lang='lat' dir='ltr'><strong>perpetuum</strong></span> <span class='ocrx_word' id='word_1_40' title='bbox 968 1380 1108 1447; x_wconf 91' lang='lat' dir='ltr'><strong>domiuo</strong></span> <span class='ocrx_word' id='word_1_41' title='bbox 1123 1392 1245 1451; x_wconf 91' lang='lat' dir='ltr'><strong>nostro</strong></span> 
     </span>
     <span class='ocr_line' id='line_1_9' title="bbox 193 1477 1244 1556; baseline 0.008 -13"><span class='ocrx_word' id='word_1_42' title='bbox 193 1480 299 1545; x_wconf 91' lang='lat' dir='ltr'><strong>Ihesu</strong></span> <span class='ocrx_word' id='word_1_43' title='bbox 315 1479 474 1542; x_wconf 84' lang='lat' dir='ltr'><strong>Christo!</strong></span> <span class='ocrx_word' id='word_1_44' title='bbox 511 1477 698 1554; x_wconf 89' lang='lat' dir='ltr'><strong>Uniuersa,</strong></span> <span class='ocrx_word' id='word_1_45' title='bbox 715 1477 861 1556; x_wconf 87' lang='lat' dir='ltr'><strong>scilicet,</strong></span> <span class='ocrx_word' id='word_1_46' title='bbox 875 1479 1075 1544; x_wconf 87' lang='lat' dir='ltr'><strong>diuitiarum</strong></span> <span class='ocrx_word' id='word_1_47' title='bbox 1092 1481 1244 1550; x_wconf 82' lang='lat' dir='ltr'><strong>facultas</strong></span> 
     </span>
     <span class='ocr_line' id='line_1_10' title="bbox 191 1577 1241 1663; baseline 0.006 -20"><span class='ocrx_word' id='word_1_48' title='bbox 191 1588 226 1643; x_wconf 91' lang='lat' dir='ltr'><strong>et</strong></span> <span class='ocrx_word' id='word_1_49' title='bbox 250 1578 452 1661; x_wconf 87' lang='lat' dir='ltr'><strong>temporalis</strong></span> <span class='ocrx_word' id='word_1_50' title='bbox 478 1595 585 1659; x_wconf 82' lang='lat' dir='ltr'><strong>gazae</strong></span> <span class='ocrx_word' id='word_1_51' title='bbox 612 1577 797 1659; x_wconf 88' lang='lat' dir='ltr'><strong>possessio,</strong></span> <span class='ocrx_word' id='word_1_52' title='bbox 824 1597 913 1660; x_wconf 92' lang='lat' dir='ltr'><strong>quae</strong></span> <span class='ocrx_word' id='word_1_53' title='bbox 938 1580 1241 1663; x_wconf 86' lang='lat' dir='ltr'><strong>praedecessorum</strong></span> 
     </span>
     <span class='ocr_line' id='line_1_11' title="bbox 190 1676 1243 1759; baseline 0.007 -16"><span class='ocrx_word' id='word_1_54' title='bbox 190 1678 294 1743; x_wconf 85' lang='lat' dir='ltr'><strong>anxie</strong></span> <span class='ocrx_word' id='word_1_55' title='bbox 320 1676 514 1742; x_wconf 88' lang='lat' dir='ltr'><strong>sollicitudo</strong></span> <span class='ocrx_word' id='word_1_56' title='bbox 540 1696 602 1759; x_wconf 89' lang='lat' dir='ltr'><strong>per</strong></span> <span class='ocrx_word' id='word_1_57' title='bbox 627 1676 798 1741; x_wconf 85' lang='lat' dir='ltr'><strong>indelessa</strong></span> <span class='ocrx_word' id='word_1_58' title='bbox 825 1678 982 1743; x_wconf 88' lang='lat' dir='ltr'><strong>laborum</strong></span> <span class='ocrx_word' id='word_1_59' title='bbox 1009 1681 1243 1750; x_wconf 87' lang='lat' dir='ltr'><strong>emolumenta</strong></span> 
     </span>
     <span class='ocr_line' id='line_1_12' title="bbox 188 1776 1241 1859; baseline 0.008 -17"><span class='ocrx_word' id='word_1_60' title='bbox 188 1779 355 1853; x_wconf 87' lang='lat' dir='ltr'><strong>lucratur,</strong></span> <span class='ocrx_word' id='word_1_61' title='bbox 387 1795 450 1859; x_wconf 93' lang='lat' dir='ltr'><strong>pro</strong></span> <span class='ocrx_word' id='word_1_62' title='bbox 488 1776 600 1841; x_wconf 90' lang='lat' dir='ltr'><strong>dolor!</strong></span> <span class='ocrx_word' id='word_1_63' title='bbox 639 1776 781 1841; x_wconf 87' lang='lat' dir='ltr'><strong>incertis</strong></span> <span class='ocrx_word' id='word_1_64' title='bbox 816 1777 1033 1857; x_wconf 81' lang='lat' dir='ltr'><strong>haeredibus,</strong></span> <span class='ocrx_word' id='word_1_65' title='bbox 1067 1781 1241 1849; x_wconf 89' lang='lat' dir='ltr'><strong>interdum</strong></span> 
     </span>
     <span class='ocr_line' id='line_1_13' title="bbox 190 1875 1241 1960; baseline 0.006 -17"><span class='ocrx_word' id='word_1_66' title='bbox 190 1878 320 1960; x_wconf 88' lang='lat' dir='ltr'><strong>optatis</strong></span> <span class='ocrx_word' id='word_1_67' title='bbox 345 1895 449 1958; x_wconf 84' lang='lat' dir='ltr'><strong>saepe</strong></span> <span class='ocrx_word' id='word_1_68' title='bbox 474 1876 602 1952; x_wconf 84' lang='lat' dir='ltr'><strong>exosis,</strong></span> <span class='ocrx_word' id='word_1_69' title='bbox 625 1875 888 1958; x_wconf 89' lang='lat' dir='ltr'><strong>derelinquitur.</strong></span> <span class='ocrx_word' id='word_1_70' title='bbox 941 1877 1241 1958; x_wconf 83' lang='lat' dir='ltr'><strong>Quemadmodum</strong></span> 
     </span>
     <span class='ocr_line' id='line_1_14' title="bbox 189 1975 1239 2062; baseline 0.007 -21"><span class='ocrx_word' id='word_1_71' title='bbox 189 1976 468 2062; x_wconf 79' lang='lat' dir='ltr'><strong>psalmigraphus</strong></span> <span class='ocrx_word' id='word_1_72' title='bbox 486 1975 704 2059; x_wconf 90' lang='lat' dir='ltr'><strong>inprouidam</strong></span> <span class='ocrx_word' id='word_1_73' title='bbox 725 1975 867 2042; x_wconf 91' lang='lat' dir='ltr'><strong>humaui</strong></span> <span class='ocrx_word' id='word_1_74' title='bbox 887 1980 1024 2059; x_wconf 85' lang='lat' dir='ltr'><strong>generis</strong></span> <span class='ocrx_word' id='word_1_75' title='bbox 1047 1983 1239 2048; x_wconf 83' lang='lat' dir='ltr'><strong>socordiam</strong></span> 
     </span>
     <span class='ocr_line' id='line_1_15' title="bbox 190 2075 1241 2160; baseline 0.005 -17"><span class='ocrx_word' id='word_1_76' title='bbox 190 2095 403 2160; x_wconf 88' lang='lat' dir='ltr'><strong>conquerens</strong></span> <span class='ocrx_word' id='word_1_77' title='bbox 414 2077 582 2158; x_wconf 90' lang='lat' dir='ltr'><strong>increpat,</strong></span> <span class='ocrx_word' id='word_1_78' title='bbox 600 2075 860 2153; x_wconf 67' lang='lat' dir='ltr'><strong>‘Thesaurizat</strong></span> <span class='ocrx_word' id='word_1_79' title='bbox 878 2083 914 2142; x_wconf 86' lang='lat' dir='ltr'><strong>et</strong></span> <span class='ocrx_word' id='word_1_80' title='bbox 932 2079 1071 2160; x_wconf 77' lang='lat' dir='ltr'><strong>ignorat</strong></span> <span class='ocrx_word' id='word_1_81' title='bbox 1087 2082 1143 2144; x_wconf 92' lang='lat' dir='ltr'><strong>cui</strong></span> <span class='ocrx_word' id='word_1_82' title='bbox 1159 2102 1241 2148; x_wconf 90' lang='lat' dir='ltr'><strong>con·</strong></span> 
     </span>
     <span class='ocr_line' id='line_1_16' title="bbox 189 2175 1241 2266; baseline 0.007 -24"><span class='ocrx_word' id='word_1_83' title='bbox 189 2184 313 2261; x_wconf 88' lang='lat' dir='ltr'><strong>gregat</strong></span> <span class='ocrx_word' id='word_1_84' title='bbox 336 2175 415 2250; x_wconf 87' lang='lat' dir='ltr'><strong>ea;&#39;</strong></span> <span class='ocrx_word' id='word_1_85' title='bbox 438 2194 570 2239; x_wconf 85' lang='lat' dir='ltr'><strong>necnon</strong></span> <span class='ocrx_word' id='word_1_86' title='bbox 592 2194 703 2257; x_wconf 82' lang='lat' dir='ltr'><strong>sagax</strong></span> <span class='ocrx_word' id='word_1_87' title='bbox 731 2175 870 2240; x_wconf 89' lang='lat' dir='ltr'><strong>diuinae</strong></span> <span class='ocrx_word' id='word_1_88' title='bbox 892 2179 1060 2243; x_wconf 90' lang='lat' dir='ltr'><strong>sermonis</strong></span> <span class='ocrx_word' id='word_1_89' title='bbox 1082 2182 1241 2266; x_wconf 86' lang='lat' dir='ltr'><strong>sophista</strong></span> 
     </span>
     <span class='ocr_line' id='line_1_17' title="bbox 188 2274 1238 2358; baseline 0.009 -16"><span class='ocrx_word' id='word_1_90' title='bbox 188 2277 416 2358; x_wconf 90' lang='lat' dir='ltr'><strong>coelestisque</strong></span> <span class='ocrx_word' id='word_1_91' title='bbox 425 2274 653 2339; x_wconf 85' lang='lat' dir='ltr'><strong>bibliothecae</strong></span> <span class='ocrx_word' id='word_1_92' title='bbox 665 2275 794 2340; x_wconf 91' lang='lat' dir='ltr'><strong>ianitor</strong></span> <span class='ocrx_word' id='word_1_93' title='bbox 804 2278 947 2341; x_wconf 85' lang='lat' dir='ltr'><strong>metrica</strong></span> <span class='ocrx_word' id='word_1_94' title='bbox 957 2277 1118 2345; x_wconf 80' lang='lat' dir='ltr'><strong>facundia</strong></span> <span class='ocrx_word' id='word_1_95' title='bbox 1127 2280 1238 2350; x_wconf 85' lang='lat' dir='ltr'><strong>fretus</strong></span> 
     </span>
     <span class='ocr_line' id='line_1_18' title="bbox 189 2373 1239 2463; baseline 0.008 -22"><span class='ocrx_word' id='word_1_96' title='bbox 189 2377 392 2441; x_wconf 90' lang='lat' dir='ltr'><strong>catalectico</strong></span> <span class='ocrx_word' id='word_1_97' title='bbox 409 2375 535 2438; x_wconf 90' lang='lat' dir='ltr'><strong>cecinit</strong></span> <span class='ocrx_word' id='word_1_98' title='bbox 549 2394 663 2440; x_wconf 88' lang='lat' dir='ltr'><strong>uersu.</strong></span> <span class='ocrx_word' id='word_1_99' title='bbox 701 2373 925 2460; x_wconf 83' lang='lat' dir='ltr'><strong>Quapropter</strong></span> <span class='ocrx_word' id='word_1_100' title='bbox 938 2397 1005 2460; x_wconf 88' lang='lat' dir='ltr'><strong>ego</strong></span> <span class='ocrx_word' id='word_1_101' title='bbox 1021 2379 1163 2463; x_wconf 85' lang='lat' dir='ltr'><strong>Eadgar</strong></span> <span class='ocrx_word' id='word_1_102' title='bbox 1176 2402 1239 2449; x_wconf 80' lang='lat' dir='ltr'><strong>rex</strong></span> 
     </span>
     <span class='ocr_line' id='line_1_19' title="bbox 192 2475 1240 2562; baseline 0.008 -21"><span class='ocrx_word' id='word_1_103' title='bbox 192 2475 384 2558; x_wconf 85' lang='lat' dir='ltr'><strong>Anglorum</strong></span> <span class='ocrx_word' id='word_1_104' title='bbox 396 2482 678 2556; x_wconf 88' lang='lat' dir='ltr'><strong>caeterarumque</strong></span> <span class='ocrx_word' id='word_1_105' title='bbox 687 2475 843 2556; x_wconf 86' lang='lat' dir='ltr'><strong>gentium</strong></span> <span class='ocrx_word' id='word_1_106' title='bbox 854 2476 891 2540; x_wconf 92' lang='lat' dir='ltr'><strong>in</strong></span> <span class='ocrx_word' id='word_1_107' title='bbox 899 2478 1044 2543; x_wconf 91' lang='lat' dir='ltr'><strong>circuitu</strong></span> <span class='ocrx_word' id='word_1_108' title='bbox 1055 2482 1240 2562; x_wconf 84' lang='lat' dir='ltr'><strong>persisten-</strong></span> 
     </span>
     <span class='ocr_line' id='line_1_20' title="bbox 188 2573 1238 2664; baseline 0.01 -25"><span class='ocrx_word' id='word_1_109' title='bbox 188 2576 288 2652; x_wconf 93' lang='lat' dir='ltr'><strong>tium,</strong></span> <span class='ocrx_word' id='word_1_110' title='bbox 303 2573 476 2658; x_wconf 90' lang='lat' dir='ltr'><strong>quoddam</strong></span> <span class='ocrx_word' id='word_1_111' title='bbox 499 2574 588 2637; x_wconf 89' lang='lat' dir='ltr'><strong>ruris</strong></span> <span class='ocrx_word' id='word_1_112' title='bbox 613 2573 829 2656; x_wconf 84' lang='lat' dir='ltr'><strong>praediolum</strong></span> <span class='ocrx_word' id='word_1_113' title='bbox 854 2591 905 2643; x_wconf 87' lang='lat' dir='ltr'><strong>.x.</strong></span> <span class='ocrx_word' id='word_1_114' title='bbox 921 2578 1053 2645; x_wconf 90' lang='lat' dir='ltr'><strong>scilicet</strong></span> <span class='ocrx_word' id='word_1_115' title='bbox 1069 2590 1238 2664; x_wconf 84' lang='lat' dir='ltr'><strong>cassatas,</strong></span> 
     </span>
     <span class='ocr_line' id='line_1_21' title="bbox 189 2673 1238 2760; baseline 0.01 -21"><span class='ocrx_word' id='word_1_116' title='bbox 189 2675 245 2739; x_wconf 92' lang='lat' dir='ltr'><strong>cui</strong></span> <span class='ocrx_word' id='word_1_117' title='bbox 267 2673 431 2739; x_wconf 86' lang='lat' dir='ltr'><strong>solicolae</strong></span> <span class='ocrx_word' id='word_1_118' title='bbox 450 2673 593 2738; x_wconf 85' lang='lat' dir='ltr'><strong>huiusce</strong></span> <span class='ocrx_word' id='word_1_119' title='bbox 615 2674 815 2755; x_wconf 87' lang='lat' dir='ltr'><strong>prouinciae</strong></span> <span class='ocrx_word' id='word_1_120' title='bbox 836 2677 1017 2760; x_wconf 87' lang='lat' dir='ltr'><strong>antiquum</strong></span> <span class='ocrx_word' id='word_1_121' title='bbox 1039 2678 1238 2751; x_wconf 88' lang='lat' dir='ltr'><strong>indiderunt</strong></span> 
     </span>
     <span class='ocr_line' id='line_1_22' title="bbox 190 2772 1237 2864; baseline 0.01 -26"><span class='ocrx_word' id='word_1_122' title='bbox 190 2774 397 2840; x_wconf 90' lang='lat' dir='ltr'><strong>uocabulum</strong></span> <span class='ocrx_word' id='word_1_123' title='bbox 407 2780 454 2837; x_wconf 84' lang='lat' dir='ltr'><strong>aet</strong></span> <span class='ocrx_word' id='word_1_124' title='bbox 466 2772 710 2855; x_wconf 72' lang='lat' dir='ltr'><strong>Lhincgelada</strong></span> <span class='ocrx_word' id='word_1_125' title='bbox 719 2775 855 2840; x_wconf 90' lang='lat' dir='ltr'><strong>cuidam</strong></span> <span class='ocrx_word' id='word_1_126' title='bbox 868 2783 1046 2844; x_wconf 88' lang='lat' dir='ltr'><strong>matronae</strong></span> <span class='ocrx_word' id='word_1_127' title='bbox 1055 2780 1237 2864; x_wconf 84' lang='lat' dir='ltr'><strong>ingenuae,</strong></span> 
     </span>
     <span class='ocr_line' id='line_1_23' title="bbox 188 2871 1236 2964; baseline 0.006 -24"><span class='ocrx_word' id='word_1_128' title='bbox 188 2895 278 2957; x_wconf 90' lang='lat' dir='ltr'><strong>quae</strong></span> <span class='ocrx_word' id='word_1_129' title='bbox 301 2873 385 2937; x_wconf 93' lang='lat' dir='ltr'><strong>mihi</strong></span> <span class='ocrx_word' id='word_1_130' title='bbox 410 2871 577 2937; x_wconf 86' lang='lat' dir='ltr'><strong>affinitate</strong></span> <span class='ocrx_word' id='word_1_131' title='bbox 602 2873 787 2938; x_wconf 88' lang='lat' dir='ltr'><strong>mundialis</strong></span> <span class='ocrx_word' id='word_1_132' title='bbox 809 2877 942 2940; x_wconf 88' lang='lat' dir='ltr'><strong>cruoris</strong></span> <span class='ocrx_word' id='word_1_133' title='bbox 963 2879 1150 2946; x_wconf 89' lang='lat' dir='ltr'><strong>coniuncta</strong></span> <span class='ocrx_word' id='word_1_134' title='bbox 1170 2891 1236 2964; x_wconf 85' lang='lat' dir='ltr'><strong>est,</strong></span> 
     </span>
     <span class='ocr_line' id='line_1_24' title="bbox 188 2972 1237 3068; baseline 0.009 -30"><span class='ocrx_word' id='word_1_135' title='bbox 188 2994 279 3057; x_wconf 85' lang='lat' dir='ltr'><strong>quae</strong></span> <span class='ocrx_word' id='word_1_136' title='bbox 299 2975 343 3038; x_wconf 89' lang='lat' dir='ltr'><strong>ab</strong></span> <span class='ocrx_word' id='word_1_137' title='bbox 364 2972 465 3037; x_wconf 91' lang='lat' dir='ltr'><strong>istius</strong></span> <span class='ocrx_word' id='word_1_138' title='bbox 485 2974 620 3054; x_wconf 88' lang='lat' dir='ltr'><strong>patriae</strong></span> <span class='ocrx_word' id='word_1_139' title='bbox 642 2975 808 3055; x_wconf 90' lang='lat' dir='ltr'><strong>gnosticis</strong></span> <span class='ocrx_word' id='word_1_140' title='bbox 830 2976 981 3058; x_wconf 85' lang='lat' dir='ltr'><strong>eleganti</strong></span> <span class='ocrx_word' id='word_1_141' title='bbox 1003 2978 1152 3062; x_wconf 81' lang='lat' dir='ltr'><strong>AEllgilu</strong></span> <span class='ocrx_word' id='word_1_142' title='bbox 1173 3001 1237 3068; x_wconf 86' lang='lat' dir='ltr'><strong>ap·</strong></span> 
     </span>
     <span class='ocr_line' id='line_1_25' title="bbox 188 3073 1235 3166; baseline 0.011 -28"><span class='ocrx_word' id='word_1_143' title='bbox 188 3075 337 3155; x_wconf 90' lang='lat' dir='ltr'><strong>pellatur</strong></span> <span class='ocrx_word' id='word_1_144' title='bbox 352 3073 542 3149; x_wconf 89' lang='lat' dir='ltr'><strong>uocamine,</strong></span> <span class='ocrx_word' id='word_1_145' title='bbox 557 3092 622 3156; x_wconf 92' lang='lat' dir='ltr'><strong>pro</strong></span> <span class='ocrx_word' id='word_1_146' title='bbox 639 3073 804 3156; x_wconf 88' lang='lat' dir='ltr'><strong>obsequio</strong></span> <span class='ocrx_word' id='word_1_147' title='bbox 822 3075 896 3140; x_wconf 91' lang='lat' dir='ltr'><strong>eius</strong></span> <span class='ocrx_word' id='word_1_148' title='bbox 914 3075 1139 3146; x_wconf 85' lang='lat' dir='ltr'><strong>deuotissimo</strong></span> <span class='ocrx_word' id='word_1_149' title='bbox 1155 3102 1235 3166; x_wconf 88' lang='lat' dir='ltr'><strong>per·</strong></span> 
     </span>
     <span class='ocr_line' id='line_1_26' title="bbox 186 3172 1234 3264; baseline 0.01 -25"><span class='ocrx_word' id='word_1_150' title='bbox 186 3183 292 3256; x_wconf 89' lang='lat' dir='ltr'><strong>petua</strong></span> <span class='ocrx_word' id='word_1_151' title='bbox 318 3172 464 3255; x_wconf 87' lang='lat' dir='ltr'><strong>largitus</strong></span> <span class='ocrx_word' id='word_1_152' title='bbox 486 3192 563 3236; x_wconf 92' lang='lat' dir='ltr'><strong>sum</strong></span> <span class='ocrx_word' id='word_1_153' title='bbox 586 3173 808 3251; x_wconf 89' lang='lat' dir='ltr'><strong>haereditate,</strong></span> <span class='ocrx_word' id='word_1_154' title='bbox 831 3183 870 3239; x_wconf 91' lang='lat' dir='ltr'><strong>ut</strong></span> <span class='ocrx_word' id='word_1_155' title='bbox 895 3176 983 3258; x_wconf 89' lang='lat' dir='ltr'><strong>ipsa,</strong></span> <span class='ocrx_word' id='word_1_156' title='bbox 998 3179 1072 3243; x_wconf 89' lang='lat' dir='ltr'><strong>uita</strong></span> <span class='ocrx_word' id='word_1_157' title='bbox 1097 3183 1234 3264; x_wconf 89' lang='lat' dir='ltr'><strong>comite,</strong></span> 
     </span>
     <span class='ocr_line' id='line_1_27' title="bbox 187 3272 1234 3362; baseline 0.012 -26"><span class='ocrx_word' id='word_1_158' title='bbox 187 3293 266 3338; x_wconf 89' lang='lat' dir='ltr'><strong>cum</strong></span> <span class='ocrx_word' id='word_1_159' title='bbox 299 3272 457 3338; x_wconf 88' lang='lat' dir='ltr'><strong>omnihus</strong></span> <span class='ocrx_word' id='word_1_160' title='bbox 488 3273 705 3350; x_wconf 89' lang='lat' dir='ltr'><strong>utensilibus,</strong></span> <span class='ocrx_word' id='word_1_161' title='bbox 736 3275 845 3356; x_wconf 88' lang='lat' dir='ltr'><strong>pratis</strong></span> <span class='ocrx_word' id='word_1_162' title='bbox 879 3275 1052 3355; x_wconf 87' lang='lat' dir='ltr'><strong>uidelicet,</strong></span> <span class='ocrx_word' id='word_1_163' title='bbox 1084 3285 1234 3362; x_wconf 87' lang='lat' dir='ltr'><strong>pascuis,</strong></span> 
     </span>
     <span class='ocr_line' id='line_1_28' title="bbox 187 3372 1234 3456; baseline 0.011 -18"><span class='ocrx_word' id='word_1_164' title='bbox 187 3374 296 3450; x_wconf 89' lang='lat' dir='ltr'><strong>siluis,</strong></span> <span class='ocrx_word' id='word_1_165' title='bbox 314 3373 389 3438; x_wconf 93' lang='lat' dir='ltr'><strong>uoti</strong></span> <span class='ocrx_word' id='word_1_166' title='bbox 402 3392 544 3456; x_wconf 90' lang='lat' dir='ltr'><strong>compos</strong></span> <span class='ocrx_word' id='word_1_167' title='bbox 561 3372 706 3447; x_wconf 86' lang='lat' dir='ltr'><strong>habeat;</strong></span> <span class='ocrx_word' id='word_1_168' title='bbox 730 3379 765 3437; x_wconf 89' lang='lat' dir='ltr'><strong>et</strong></span> <span class='ocrx_word' id='word_1_169' title='bbox 786 3381 867 3455; x_wconf 87' lang='lat' dir='ltr'><strong>post</strong></span> <span class='ocrx_word' id='word_1_170' title='bbox 889 3376 983 3441; x_wconf 87' lang='lat' dir='ltr'><strong>uitae</strong></span> <span class='ocrx_word' id='word_1_171' title='bbox 1008 3396 1093 3442; x_wconf 89' lang='lat' dir='ltr'><strong>suae</strong></span> <span class='ocrx_word' id='word_1_172' title='bbox 1116 3385 1234 3449; x_wconf 88' lang='lat' dir='ltr'><strong>termi-</strong></span> 
     </span>
     <span class='ocr_line' id='line_1_29' title="bbox 188 3471 1235 3555; baseline 0.013 -18"><span class='ocrx_word' id='word_1_173' title='bbox 188 3494 270 3538; x_wconf 91' lang='lat' dir='ltr'><strong>num</strong></span> <span class='ocrx_word' id='word_1_174' title='bbox 288 3473 561 3555; x_wconf 89' lang='lat' dir='ltr'><strong>quibusoumque</strong></span> <span class='ocrx_word' id='word_1_175' title='bbox 577 3471 727 3536; x_wconf 92' lang='lat' dir='ltr'><strong>uoluerit</strong></span> <span class='ocrx_word' id='word_1_176' title='bbox 746 3472 951 3540; x_wconf 89' lang='lat' dir='ltr'><strong>cleronomis</strong></span> <span class='ocrx_word' id='word_1_177' title='bbox 971 3477 1156 3545; x_wconf 92' lang='lat' dir='ltr'><strong>immunem</strong></span> <span class='ocrx_word' id='word_1_178' title='bbox 1174 3483 1235 3551; x_wconf 85' lang='lat' dir='ltr'><strong>de·</strong></span> 
     </span>
     <span class='ocr_line' id='line_1_30' title="bbox 185 3570 1234 3656; baseline 0.011 -19"><span class='ocrx_word' id='word_1_179' title='bbox 185 3574 370 3656; x_wconf 89' lang='lat' dir='ltr'><strong>relinquat.</strong></span> <span class='ocrx_word' id='word_1_180' title='bbox 423 3571 478 3635; x_wconf 89' lang='lat' dir='ltr'><strong>Sit</strong></span> <span class='ocrx_word' id='word_1_181' title='bbox 498 3577 613 3636; x_wconf 88' lang='lat' dir='ltr'><strong>autem</strong></span> <span class='ocrx_word' id='word_1_182' title='bbox 641 3570 853 3654; x_wconf 88' lang='lat' dir='ltr'><strong>praedictum</strong></span> <span class='ocrx_word' id='word_1_183' title='bbox 880 3594 939 3638; x_wconf 91' lang='lat' dir='ltr'><strong>rus</strong></span> <span class='ocrx_word' id='word_1_184' title='bbox 961 3579 1053 3641; x_wconf 91' lang='lat' dir='ltr'><strong>omui</strong></span> <span class='ocrx_word' id='word_1_185' title='bbox 1077 3585 1234 3650; x_wconf 85' lang='lat' dir='ltr'><strong>terrenae</strong></span> 
     </span>
     <span class='ocr_line' id='line_1_31' title="bbox 185 3670 1232 3757; baseline 0.012 -20"><span class='ocrx_word' id='word_1_186' title='bbox 185 3673 363 3737; x_wconf 87' lang='lat' dir='ltr'><strong>seruitutis</strong></span> <span class='ocrx_word' id='word_1_187' title='bbox 384 3671 466 3752; x_wconf 83' lang='lat' dir='ltr'><strong>iugo</strong></span> <span class='ocrx_word' id='word_1_188' title='bbox 480 3670 640 3747; x_wconf 91' lang='lat' dir='ltr'><strong>liberum,</strong></span> <span class='ocrx_word' id='word_1_189' title='bbox 658 3671 768 3736; x_wconf 90' lang='lat' dir='ltr'><strong>trihus</strong></span> <span class='ocrx_word' id='word_1_190' title='bbox 784 3675 950 3757; x_wconf 83' lang='lat' dir='ltr'><strong>exceptis,</strong></span> <span class='ocrx_word' id='word_1_191' title='bbox 969 3683 1047 3741; x_wconf 89' lang='lat' dir='ltr'><strong>rata</strong></span> <span class='ocrx_word' id='word_1_192' title='bbox 1070 3678 1232 3751; x_wconf 90' lang='lat' dir='ltr'><strong>uidelicet</strong></span> 
     </span>
     <span class='ocr_line' id='line_1_32' title="bbox 187 3769 1232 3866; baseline 0.011 -31"><span class='ocrx_word' id='word_1_193' title='bbox 187 3772 419 3854; x_wconf 86' lang='lat' dir='ltr'><strong>expeditione,</strong></span> <span class='ocrx_word' id='word_1_194' title='bbox 453 3769 569 3852; x_wconf 91' lang='lat' dir='ltr'><strong>pontis</strong></span> <span class='ocrx_word' id='word_1_195' title='bbox 603 3770 737 3836; x_wconf 87' lang='lat' dir='ltr'><strong>arcisue</strong></span> <span class='ocrx_word' id='word_1_196' title='bbox 769 3775 1032 3841; x_wconf 87' lang='lat' dir='ltr'><strong>restauratione.</strong></span> <span class='ocrx_word' id='word_1_197' title='bbox 1085 3778 1122 3843; x_wconf 89' lang='lat' dir='ltr'><strong>Si</strong></span> <span class='ocrx_word' id='word_1_198' title='bbox 1154 3785 1232 3866; x_wconf 82' lang='lat' dir='ltr'><strong>quis</strong></span> 
     </span>
     <span class='ocr_line' id='line_1_33' title="bbox 185 3869 1231 3958; baseline 0.013 -24"><span class='ocrx_word' id='word_1_199' title='bbox 185 3871 292 3953; x_wconf 84' lang='lat' dir='ltr'><strong>igitur</strong></span> <span class='ocrx_word' id='word_1_200' title='bbox 307 3870 396 3934; x_wconf 91' lang='lat' dir='ltr'><strong>hanc</strong></span> <span class='ocrx_word' id='word_1_201' title='bbox 413 3875 565 3934; x_wconf 87' lang='lat' dir='ltr'><strong>nostram</strong></span> <span class='ocrx_word' id='word_1_202' title='bbox 584 3869 806 3936; x_wconf 89' lang='lat' dir='ltr'><strong>donationem</strong></span> <span class='ocrx_word' id='word_1_203' title='bbox 821 3873 856 3936; x_wconf 93' lang='lat' dir='ltr'><strong>in</strong></span> <span class='ocrx_word' id='word_1_204' title='bbox 874 3873 968 3938; x_wconf 88' lang='lat' dir='ltr'><strong>aliud</strong></span> <span class='ocrx_word' id='word_1_205' title='bbox 984 3895 1088 3958; x_wconf 89' lang='lat' dir='ltr'><strong>quam</strong></span> <span class='ocrx_word' id='word_1_206' title='bbox 1103 3885 1231 3949; x_wconf 90' lang='lat' dir='ltr'><strong>consti·</strong></span> 
     </span>
     <span class='ocr_line' id='line_1_34' title="bbox 183 3968 1231 4058; baseline 0.013 -23"><span class='ocrx_word' id='word_1_207' title='bbox 183 3971 312 4035; x_wconf 90' lang='lat' dir='ltr'><strong>tuimus</strong></span> <span class='ocrx_word' id='word_1_208' title='bbox 334 3969 518 4034; x_wconf 85' lang='lat' dir='ltr'><strong>transferre</strong></span> <span class='ocrx_word' id='word_1_209' title='bbox 540 3968 701 4058; x_wconf 87' lang='lat' dir='ltr'><strong>uoluerit,</strong></span> <span class='ocrx_word' id='word_1_210' title='bbox 719 3971 877 4053; x_wconf 86' lang='lat' dir='ltr'><strong>priuatus</strong></span> <span class='ocrx_word' id='word_1_211' title='bbox 895 3978 1068 4041; x_wconf 85' lang='lat' dir='ltr'><strong>consortio</strong></span> <span class='ocrx_word' id='word_1_212' title='bbox 1090 3991 1231 4050; x_wconf 88' lang='lat' dir='ltr'><strong>sanctae</strong></span> 
     </span>
     <span class='ocr_line' id='line_1_35' title="bbox 180 4069 1230 4163; baseline 0.014 -31"><span class='ocrx_word' id='word_1_213' title='bbox 180 4070 235 4133; x_wconf 90' lang='lat' dir='ltr'><strong>dei</strong></span> <span class='ocrx_word' id='word_1_214' title='bbox 269 4069 468 4146; x_wconf 87' lang='lat' dir='ltr'><strong>aecclesiae,</strong></span> <span class='ocrx_word' id='word_1_215' title='bbox 499 4071 649 4134; x_wconf 87' lang='lat' dir='ltr'><strong>aeternis</strong></span> <span class='ocrx_word' id='word_1_216' title='bbox 682 4070 837 4136; x_wconf 89' lang='lat' dir='ltr'><strong>barathri</strong></span> <span class='ocrx_word' id='word_1_217' title='bbox 871 4073 1038 4140; x_wconf 89' lang='lat' dir='ltr'><strong>incendiis</strong></span> <span class='ocrx_word' id='word_1_218' title='bbox 1070 4077 1230 4163; x_wconf 85' lang='lat' dir='ltr'><strong>lugubris</strong></span> 
     </span>
    </p>
   </div>
   <div class='ocr_carea' id='block_1_7' title="bbox 0 0 1430 4876">
    <p class='ocr_par' dir='ltr' id='par_1_7' title="bbox 0 0 1430 4876">
     <span class='ocr_line' id='line_1_36' title="bbox 0 0 1430 4876; baseline 0 4"><span class='ocrx_word' id='word_1_219' title='bbox 0 0 1430 4876; x_wconf 95' lang='lat' dir='ltr'><strong> </strong></span> 
     </span>
    </p>
   </div>
  </div>
 </body>
</html>
