2850 4876
440 347 615 396 enarras
640 349 983 399 ancnosrxourcln.
1190 335 1234 399 97

186 505 260 564 stan
275 500 395 565 abbas.
450 505 490 586 ᾧ
510 502 588 585 Ego
603 503 775 587 AEttelgar
791 507 909 569 abbas.
961 508 1001 589 ᾧ
1021 505 1097 588 Ego
1116 505 1233 571 Briht·

184 597 255 664 fers
284 601 450 667 minister.
504 603 547 688 ᾖ
575 602 651 684 Ego
682 604 831 687 AElisige
862 606 1028 671 minister.
1083 606 1126 691 ᾖ
1156 607 1233 688 Ego

184 697 389 764 AElfuneard
413 701 579 767 minister.
648 703 691 788 ᾖ
710 704 787 784 Ego
809 704 1045 768 AEtteluueard
1066 707 1232 771 minister.

187 800 224 879 ›1‹
257 798 335 880 Ego
364 800 530 883 Uqlfstan
558 803 724 867 minister.
780 804 823 889 ᾖ
850 804 925 885 Ego
952 804 1133 870 Eaduuine
1165 807 1231 869 mi·

183 898 298 962 nister.
354 900 397 985 ›1‹
419 901 496 982 Ego
519 900 709 967 Leosuuine
732 902 897 967 minister.
952 904 994 988 ›1‹
1014 904 1090 985 Ego
1107 904 1233 970 AElfric

182 997 347 1061 minister.
424 1000 468 1083 ᾖ
504 999 581 1081 Ego
619 1000 801 1084 AE’delsige
838 1002 1001 1066 minister.
1077 1007 1115 1085 ›1‹
1156 1004 1232 1086 Ego

183 1095 421 1161 AEtieluueard
442 1099 609 1164 minister.
658 1103 698 1184 ›1‹
719 1102 796 1184 Ego
821 1101 944 1166 AElfric
970 1103 1136 1167 minister.
1188 1105 1228 1186 »Β

185 1194 259 1277 Ego
276 1195 444 1280 Uulsgeat
459 1199 624 1265 minister.

647 1381 768 1395 —..-

580 1498 835 1564 uccuxrx.

549 1621 771 1726 niueis,
792 1647 868 1712 970.

235 1796 279 1880 ›1‹
297 1795 494 1861 Umunasa
508 1815 612 1878 opum
627 1795 854 1860 saecularium
870 1795 1077 1877 patrimonia
1090 1798 1230 1863 incertis

185 1902 348 1978 nepotum
379 1896 583 1960 haeredibus
616 1896 867 1979 relinquantur,
900 1901 935 1958 et
972 1897 1083 1959 omnis
1113 1899 1232 1971 mundi

185 1993 308 2075 gloria,
333 1996 634 2079 appropinquante
661 1996 754 2060 uitae
777 1994 898 2059 mortis
923 1996 1081 2072 termino,
1110 1996 1153 2059 ad
1180 1997 1231 2060 ni·

184 2090 292 2157 hilum
325 2094 468 2159 reducta
500 2093 658 2175 fatescit3
693 2095 817 2158 iccirco
848 2094 993 2157 terrenis
1022 2093 1230 2159 caducarum

185 2189 332 2280 [rernm]
374 2194 648 2276 possessionibus
686 2213 822 2275 semper
860 2212 1023 2257 mansura
1063 2198 1232 2277 supernae

183 2293 318 2374 patriae
356 2293 585 2358 emolumenta
629 2293 869 2374 adipiscentes,
905 2292 1044 2356 domino
1081 2296 1231 2376 patroci-

184 2398 300 2469 nante,
330 2391 513 2458 lucremur.
565 2391 798 2471 Quamobrem
827 2409 892 2472 ego
919 2392 1100 2473 Eadgarus
1124 2395 1232 2458 tetius

186 2489 386 2557 Britanniae
418 2492 570 2556 basileus
604 2492 776 2574 quandam
813 2490 903 2554 ruris
939 2492 1144 2573 particulam
1179 2511 1231 2559 .x.

186 2589 346 2655 uidelicet
378 2599 547 2668 cassatos,
578 2591 614 2653 in
645 2591 723 2656 loco
757 2591 816 2673 qui
847 2591 974 2654 celebri
1007 2598 1053 2656 aet
1081 2592 1232 2658 Lintune

184 2697 403 2773 nuncupatur
417 2691 601 2767 uocabulo,
614 2691 753 2754 domino
769 2691 910 2772 eiusque
924 2689 1082 2770 genitrici
1096 2691 1240 2758 Mariae*

186 2807 320 2854 necnon
342 2796 376 2854 et
401 2788 628 2875 AEtielbrybae
654 2796 841 2872 perpetuae
863 2790 991 2870 uirgini
1023 2790 1067 2854 ad
1095 2811 1231 2855 monas·

185 2888 308 2952 terium
335 2890 428 2972 quod
448 2891 485 2953 in
510 2889 566 2952 Eli
590 2890 695 2954 situm
718 2896 783 2965 est,
806 2888 848 2952 ad
876 2907 959 2952 usus
984 2890 1230 2955 monachorum

185 2986 231 3051 ibi
271 2988 481 3069 degentium,
515 2995 683 3072 perpetua
716 2988 864 3069 largitus
900 2994 983 3052 sum'
1009 2988 1232 3068 haereditate,
1346 3050 1348 3054 .

186 3087 305 3152 utillo
326 3088 573 3170 perpetualiter
593 3109 671 3152 cum
695 3088 852 3152 omnibus
874 3088 1091 3164 utensilibus,
1110 3091 1231 3171 pratis,

186 3187 357 3265 uidelicet,
378 3190 527 3271 pascuis,
551 3187 661 3265 siluis,
689 3186 870 3270 pertineat.
923 3186 980 3250 Ad
1004 3187 1092 3251 hanc
1116 3197 1230 3253 autem

187 3287 343 3353 tellurem
369 3287 479 3352 multa
507 3289 639 3371 iugera,
665 3306 709 3350 ex
739 3285 885 3349 diuersis
913 3285 1232 3352 circumiacentibus

185 3386 288 3464 uillis,
305 3387 487 3469 pertinent,
505 3393 673 3470 perpetua
694 3384 859 3466 insignita
874 3383 1043 3448 libertate.
1096 3384 1149 3450 Sit
1169 3405 1231 3450 au-

187 3495 256 3552 tem
272 3487 484 3569 praedictum
498 3507 557 3550 rus
572 3487 665 3551 omni
684 3492 839 3549 terrenae
858 3484 1037 3547 seruitutis
1051 3483 1134 3564 iugo
1150 3485 1234 3548 libe'-

184 3606 272 3665 rum,
294 3587 402 3650 tribus
425 3586 591 3670 exceptis
616 3591 697 3654 rata
713 3584 873 3648 uidelicet
895 3582 1233 3667 expeditionepon.

186 3688 230 3750 tis
258 3687 393 3750 arcisue
419 3686 682 3750 restauratione.
734 3684 772 3748 Si
799 3684 876 3766 quis
901 3684 1009 3765 igitur
1035 3682 1124 3746 hanc
1153 3701 1230 3746 nos-

184 3791 272 3849 tram
289 3785 510 3849 donationem
521 3786 557 3849 in
570 3784 663 3849 aliud
675 3803 780 3867 quam
794 3784 1035 3847 constituimus
1049 3782 1233 3848 transferre

185 3884 346 3962 uoluerit,
376 3885 535 3966 priuatus
566 3884 740 3948 consortio
774 3889 916 3947 sanctae
949 3880 1004 3944 dei
1033 3881 1233 3961 aecclesiae,

185 3985 335 4051 aeternis
356 3983 510 4046 barathri
532 3982 697 4047 incendiis
718 3982 875 4064 lugubris
896 3979 1024 4060 iugiter
1045 3997 1123 4045 cnm
1145 3978 1234 4047 Inda

184 4085 313 4151 christi
336 4082 511 4167 proditore
526 4084 667 4166 eiusque
684 4081 907 4165 complicibus
926 4077 1099 4161 puniatur,
1116 4082 1145 4146 si
1164 4102 1234 4148 non

232 4203 319 4250 rou.
339 4200 388 4247 vr.
1062 4197 1086 4242 u
