<?xml version="1.0" encoding="UTF-8"?>
<!DOCTYPE html PUBLIC "-//W3C//DTD XHTML 1.0 Transitional//EN"
    "http://www.w3.org/TR/xhtml1/DTD/xhtml1-transitional.dtd">
<html xmlns="http://www.w3.org/1999/xhtml" xml:lang="en" lang="en">
 <head>
  <title>
</title>
<meta http-equiv="Content-Type" content="text/html;charset=utf-8" />
  <meta name='ocr-system' content='tesseract 3.04.00' />
  <meta name='ocr-capabilities' content='ocr_page ocr_carea ocr_par ocr_line ocrx_word'/>
</head>
<body>
  <div class='ocr_page' id='page_1' title='image "./codexdiplomatic01kembgoog_0222.png"; bbox 0 0 2850 4876; ppageno 0'>
   <div class='ocr_carea' id='block_1_1' title="bbox 442 337 1239 417">
    <p class='ocr_par' dir='ltr' id='par_1_1' title="bbox 442 337 1239 417">
     <span class='ocr_line' id='line_1_1' title="bbox 442 337 1239 417; baseline -0.003 -4"><span class='ocrx_word' id='word_1_1' title='bbox 442 362 615 417; x_wconf 73' lang='lat' dir='ltr'>casuras</span> <span class='ocrx_word' id='word_1_2' title='bbox 641 337 985 413; x_wconf 75' lang='lat' dir='ltr'>anonosnxosrcan.</span> <span class='ocrx_word' id='word_1_3' title='bbox 1173 347 1239 411; x_wconf 82' lang='lat'>175</span> 
     </span>
    </p>
   </div>
   <div class='ocr_carea' id='block_1_2' title="bbox 183 518 1239 2097">
    <p class='ocr_par' dir='ltr' id='par_1_2' title="bbox 183 518 1239 2097">
     <span class='ocr_line' id='line_1_2' title="bbox 184 518 1236 603; baseline 0.002 -20"><span class='ocrx_word' id='word_1_4' title='bbox 184 519 366 600; x_wconf 85' lang='lat' dir='ltr'>benignam</span> <span class='ocrx_word' id='word_1_5' title='bbox 389 538 495 601; x_wconf 85' lang='lat' dir='ltr'>quam</span> <span class='ocrx_word' id='word_1_6' title='bbox 515 519 600 585; x_wconf 90' lang='lat' dir='ltr'>mihi</span> <span class='ocrx_word' id='word_1_7' title='bbox 621 519 799 603; x_wconf 86' lang='lat' dir='ltr'>praefatus</span> <span class='ocrx_word' id='word_1_8' title='bbox 823 520 912 583; x_wconf 88' lang='lat' dir='ltr'>abba</span> <span class='ocrx_word' id='word_1_9' title='bbox 935 518 1083 584; x_wconf 85' lang='lat' dir='ltr'>fideliter</span> <span class='ocrx_word' id='word_1_10' title='bbox 1104 527 1140 585; x_wconf 91' lang='lat' dir='ltr'>et</span> <span class='ocrx_word' id='word_1_11' title='bbox 1156 539 1236 601; x_wconf 78' lang='lat' dir='ltr'>gra-</span> 
     </span>
     <span class='ocr_line' id='line_1_3' title="bbox 185 619 1237 702; baseline 0.001 -19"><span class='ocrx_word' id='word_1_12' title='bbox 185 626 298 683; x_wconf 88' lang='lat' dir='ltr'>tanter</span> <span class='ocrx_word' id='word_1_13' title='bbox 335 619 500 685; x_wconf 81' lang='lat' dir='ltr'>exhibere</span> <span class='ocrx_word' id='word_1_14' title='bbox 538 620 628 685; x_wconf 87' lang='lat' dir='ltr'>solet</span> <span class='ocrx_word' id='word_1_15' title='bbox 667 619 910 686; x_wconf 81' lang='lat' dir='ltr'><strong>obedientiam.</strong></span> <span class='ocrx_word' id='word_1_16' title='bbox 979 619 1059 684; x_wconf 91' lang='lat' dir='ltr'>Hoc</span> <span class='ocrx_word' id='word_1_17' title='bbox 1098 639 1237 702; x_wconf 90' lang='lat' dir='ltr'>quoque</span> 
     </span>
     <span class='ocr_line' id='line_1_4' title="bbox 183 718 1237 801; baseline 0.002 -19"><span class='ocrx_word' id='word_1_18' title='bbox 183 719 373 784; x_wconf 90' lang='lat' dir='ltr'>uoluntatis</span> <span class='ocrx_word' id='word_1_19' title='bbox 400 740 497 784; x_wconf 88' lang='lat' dir='ltr'>meae</span> <span class='ocrx_word' id='word_1_20' title='bbox 515 719 716 784; x_wconf 87' lang='lat' dir='ltr'>beneficium</span> <span class='ocrx_word' id='word_1_21' title='bbox 741 720 857 801; x_wconf 88' lang='lat' dir='ltr'>palam</span> <span class='ocrx_word' id='word_1_22' title='bbox 886 720 1020 783; x_wconf 91' lang='lat' dir='ltr'>cunctis</span> <span class='ocrx_word' id='word_1_23' title='bbox 1045 718 1237 797; x_wconf 81' lang='lat' dir='ltr'><strong>innotesco,</strong></span> 
     </span>
     <span class='ocr_line' id='line_1_5' title="bbox 184 817 1237 902; baseline 0.002 -20"><span class='ocrx_word' id='word_1_24' title='bbox 184 817 275 900; x_wconf 91' lang='lat' dir='ltr'>quod</span> <span class='ocrx_word' id='word_1_25' title='bbox 307 819 503 883; x_wconf 87' lang='lat' dir='ltr'>earumdem</span> <span class='ocrx_word' id='word_1_26' title='bbox 535 819 793 902; x_wconf 87' lang='lat' dir='ltr'>possessionum</span> <span class='ocrx_word' id='word_1_27' title='bbox 822 826 933 882; x_wconf 88' lang='lat' dir='ltr'>terras</span> <span class='ocrx_word' id='word_1_28' title='bbox 959 819 996 881; x_wconf 94' lang='lat' dir='ltr'>in</span> <span class='ocrx_word' id='word_1_29' title='bbox 1027 838 1237 902; x_wconf 87' lang='lat' dir='ltr'>unaquaque</span> 
     </span>
     <span class='ocr_line' id='line_1_6' title="bbox 184 917 1238 1001; baseline 0.002 -20"><span class='ocrx_word' id='word_1_30' title='bbox 184 919 237 981; x_wconf 92' lang='lat' dir='ltr'>cui</span> <span class='ocrx_word' id='word_1_31' title='bbox 262 919 422 983; x_wconf 88' lang='lat' dir='ltr'>adiacent</span> <span class='ocrx_word' id='word_1_32' title='bbox 437 919 614 1001; x_wconf 88' lang='lat' dir='ltr'>prouincia</span> <span class='ocrx_word' id='word_1_33' title='bbox 630 939 708 982; x_wconf 92' lang='lat' dir='ltr'>cum</span> <span class='ocrx_word' id='word_1_34' title='bbox 731 919 890 982; x_wconf 91' lang='lat' dir='ltr'>omnibus</span> <span class='ocrx_word' id='word_1_35' title='bbox 910 917 953 981; x_wconf 88' lang='lat' dir='ltr'>ad</span> <span class='ocrx_word' id='word_1_36' title='bbox 977 938 1015 982; x_wconf 91' lang='lat' dir='ltr'>se</span> <span class='ocrx_word' id='word_1_37' title='bbox 1035 919 1238 1001; x_wconf 88' lang='lat' dir='ltr'>pertinenti·</span> 
     </span>
     <span class='ocr_line' id='line_1_7' title="bbox 185 1018 1238 1101; baseline 0.002 -21"><span class='ocrx_word' id='word_1_38' title='bbox 185 1018 248 1081; x_wconf 89' lang='lat' dir='ltr'>bus</span> <span class='ocrx_word' id='word_1_39' title='bbox 264 1019 339 1081; x_wconf 90' lang='lat' dir='ltr'>siue</span> <span class='ocrx_word' id='word_1_40' title='bbox 354 1019 388 1081; x_wconf 93' lang='lat' dir='ltr'>in</span> <span class='ocrx_word' id='word_1_41' title='bbox 405 1018 621 1101; x_wconf 88' lang='lat' dir='ltr'>praediorum</span> <span class='ocrx_word' id='word_1_42' title='bbox 640 1019 846 1101; x_wconf 88' lang='lat' dir='ltr'>municipiis,</span> <span class='ocrx_word' id='word_1_43' title='bbox 864 1019 938 1081; x_wconf 90' lang='lat' dir='ltr'>siue</span> <span class='ocrx_word' id='word_1_44' title='bbox 952 1018 988 1080; x_wconf 94' lang='lat' dir='ltr'>in</span> <span class='ocrx_word' id='word_1_45' title='bbox 1005 1020 1147 1095; x_wconf 90' lang='lat' dir='ltr'>tributo,</span> <span class='ocrx_word' id='word_1_46' title='bbox 1164 1020 1238 1083; x_wconf 90' lang='lat' dir='ltr'>siue</span> 
     </span>
     <span class='ocr_line' id='line_1_8' title="bbox 185 1117 1236 1200; baseline 0.004 -21"><span class='ocrx_word' id='word_1_47' title='bbox 185 1117 218 1179; x_wconf 93' lang='lat' dir='ltr'>in</span> <span class='ocrx_word' id='word_1_48' title='bbox 243 1117 409 1194; x_wconf 86' lang='lat' dir='ltr'>thelonio,</span> <span class='ocrx_word' id='word_1_49' title='bbox 430 1119 505 1182; x_wconf 90' lang='lat' dir='ltr'>siue</span> <span class='ocrx_word' id='word_1_50' title='bbox 522 1119 557 1181; x_wconf 93' lang='lat' dir='ltr'>in</span> <span class='ocrx_word' id='word_1_51' title='bbox 575 1137 791 1200; x_wconf 86' lang='lat' dir='ltr'>quocumque</span> <span class='ocrx_word' id='word_1_52' title='bbox 814 1118 954 1198; x_wconf 86' lang='lat' dir='ltr'>negotio</span> <span class='ocrx_word' id='word_1_53' title='bbox 977 1117 1068 1200; x_wconf 92' lang='lat' dir='ltr'>quod</span> <span class='ocrx_word' id='word_1_54' title='bbox 1090 1118 1127 1180; x_wconf 91' lang='lat' dir='ltr'>in</span> <span class='ocrx_word' id='word_1_55' title='bbox 1151 1138 1236 1183; x_wconf 92' lang='lat' dir='ltr'>uno·</span> 
     </span>
     <span class='ocr_line' id='line_1_9' title="bbox 186 1216 1238 1298; baseline 0.003 -19"><span class='ocrx_word' id='word_1_56' title='bbox 186 1236 324 1298; x_wconf 90' lang='lat' dir='ltr'>quoque</span> <span class='ocrx_word' id='word_1_57' title='bbox 347 1236 426 1280; x_wconf 89' lang='lat' dir='ltr'>rure</span> <span class='ocrx_word' id='word_1_58' title='bbox 446 1217 583 1281; x_wconf 86' lang='lat' dir='ltr'>diuerso</span> <span class='ocrx_word' id='word_1_59' title='bbox 605 1217 707 1281; x_wconf 92' lang='lat' dir='ltr'>modo</span> <span class='ocrx_word' id='word_1_60' title='bbox 728 1217 817 1281; x_wconf 89' lang='lat' dir='ltr'>solet</span> <span class='ocrx_word' id='word_1_61' title='bbox 837 1216 943 1298; x_wconf 84' lang='lat' dir='ltr'><strong>exigi,</strong></span> <span class='ocrx_word' id='word_1_62' title='bbox 959 1216 1062 1298; x_wconf 87' lang='lat' dir='ltr'>plena</span> <span class='ocrx_word' id='word_1_63' title='bbox 1079 1217 1238 1282; x_wconf 88' lang='lat' dir='ltr'>libertate</span> 
     </span>
     <span class='ocr_line' id='line_1_10' title="bbox 185 1316 1236 1398; baseline 0.002 -18"><span class='ocrx_word' id='word_1_64' title='bbox 185 1317 227 1380; x_wconf 88' lang='lat' dir='ltr'>ab</span> <span class='ocrx_word' id='word_1_65' title='bbox 244 1316 339 1380; x_wconf 89' lang='lat' dir='ltr'>omni</span> <span class='ocrx_word' id='word_1_66' title='bbox 356 1323 512 1381; x_wconf 79' lang='lat' dir='ltr'>terrenae</span> <span class='ocrx_word' id='word_1_67' title='bbox 534 1317 712 1383; x_wconf 87' lang='lat' dir='ltr'>seruitutis</span> <span class='ocrx_word' id='word_1_68' title='bbox 735 1317 819 1398; x_wconf 81' lang='lat' dir='ltr'>iugo</span> <span class='ocrx_word' id='word_1_69' title='bbox 836 1317 962 1380; x_wconf 89' lang='lat' dir='ltr'>liberas</span> <span class='ocrx_word' id='word_1_70' title='bbox 980 1336 1057 1380; x_wconf 88' lang='lat' dir='ltr'>esse</span> <span class='ocrx_word' id='word_1_71' title='bbox 1073 1318 1236 1396; x_wconf 90' lang='lat' dir='ltr'>concedo,</span> 
     </span>
     <span class='ocr_line' id='line_1_11' title="bbox 186 1415 1237 1500; baseline 0.001 -21"><span class='ocrx_word' id='word_1_72' title='bbox 186 1415 474 1497; x_wconf 83' lang='lat' dir='ltr'>quemadmodum</span> <span class='ocrx_word' id='word_1_73' title='bbox 506 1425 604 1499; x_wconf 88' lang='lat' dir='ltr'>pater</span> <span class='ocrx_word' id='word_1_74' title='bbox 636 1436 732 1481; x_wconf 89' lang='lat' dir='ltr'>meus</span> <span class='ocrx_word' id='word_1_75' title='bbox 763 1417 1121 1498; x_wconf 79' lang='lat' dir='ltr'>supranominatorum</span> <span class='ocrx_word' id='word_1_76' title='bbox 1158 1438 1237 1500; x_wconf 89' lang='lat' dir='ltr'>por-</span> 
     </span>
     <span class='ocr_line' id='line_1_12' title="bbox 187 1516 1237 1581; baseline 0 0"><span class='ocrx_word' id='word_1_77' title='bbox 187 1516 315 1581; x_wconf 85' lang='lat' dir='ltr'>tionem</span> <span class='ocrx_word' id='word_1_78' title='bbox 333 1522 505 1580; x_wconf 89' lang='lat' dir='ltr'>terrarum</span> <span class='ocrx_word' id='word_1_79' title='bbox 524 1518 568 1581; x_wconf 87' lang='lat' dir='ltr'>ab</span> <span class='ocrx_word' id='word_1_80' title='bbox 586 1517 748 1581; x_wconf 86' lang='lat' dir='ltr'>uniuersa</span> <span class='ocrx_word' id='word_1_81' title='bbox 766 1517 1017 1579; x_wconf 90' lang='lat' dir='ltr'>mundanarum</span> <span class='ocrx_word' id='word_1_82' title='bbox 1034 1536 1149 1581; x_wconf 90' lang='lat' dir='ltr'>rerum</span> <span class='ocrx_word' id='word_1_83' title='bbox 1165 1537 1237 1581; x_wconf 85' lang='lat' dir='ltr'>ser-</span> 
     </span>
     <span class='ocr_line' id='line_1_13' title="bbox 187 1614 1237 1697; baseline 0.004 -18"><span class='ocrx_word' id='word_1_84' title='bbox 187 1617 296 1680; x_wconf 88' lang='lat' dir='ltr'>uitute</span> <span class='ocrx_word' id='word_1_85' title='bbox 327 1614 454 1680; x_wconf 89' lang='lat' dir='ltr'>liberas</span> <span class='ocrx_word' id='word_1_86' title='bbox 486 1635 562 1680; x_wconf 87' lang='lat' dir='ltr'>esse</span> <span class='ocrx_word' id='word_1_87' title='bbox 596 1617 779 1693; x_wconf 78' lang='lat' dir='ltr'>concessit,</span> <span class='ocrx_word' id='word_1_88' title='bbox 812 1617 968 1697; x_wconf 86' lang='lat' dir='ltr'>exceptis</span> <span class='ocrx_word' id='word_1_89' title='bbox 1002 1617 1125 1692; x_wconf 89' lang='lat' dir='ltr'>tribus,</span> <span class='ocrx_word' id='word_1_90' title='bbox 1159 1626 1237 1683; x_wconf 87' lang='lat' dir='ltr'>rata</span> 
     </span>
     <span class='ocr_line' id='line_1_14' title="bbox 187 1714 1237 1798; baseline 0.004 -20"><span class='ocrx_word' id='word_1_91' title='bbox 187 1714 349 1779; x_wconf 87' lang='lat' dir='ltr'>uidelicet</span> <span class='ocrx_word' id='word_1_92' title='bbox 387 1715 618 1798; x_wconf 86' lang='lat' dir='ltr'>expeditione,</span> <span class='ocrx_word' id='word_1_93' title='bbox 656 1717 773 1798; x_wconf 87' lang='lat' dir='ltr'>pontis</span> <span class='ocrx_word' id='word_1_94' title='bbox 809 1715 943 1778; x_wconf 89' lang='lat' dir='ltr'>arcisne</span> <span class='ocrx_word' id='word_1_95' title='bbox 976 1716 1237 1782; x_wconf 84' lang='lat' dir='ltr'>restauratione.</span> 
     </span>
     <span class='ocr_line' id='line_1_15' title="bbox 188 1813 1239 1881; baseline 0.003 -4"><span class='ocrx_word' id='word_1_96' title='bbox 188 1813 281 1878; x_wconf 90' lang='lat' dir='ltr'>Illud</span> <span class='ocrx_word' id='word_1_97' title='bbox 303 1816 407 1880; x_wconf 88' lang='lat' dir='ltr'>etiam</span> <span class='ocrx_word' id='word_1_98' title='bbox 431 1835 509 1879; x_wconf 92' lang='lat' dir='ltr'>cum</span> <span class='ocrx_word' id='word_1_99' title='bbox 532 1823 674 1881; x_wconf 89' lang='lat' dir='ltr'>sanetae</span> <span class='ocrx_word' id='word_1_100' title='bbox 699 1815 866 1880; x_wconf 83' lang='lat' dir='ltr'>trinitatis</span> <span class='ocrx_word' id='word_1_101' title='bbox 888 1822 923 1878; x_wconf 87' lang='lat' dir='ltr'>et</span> <span class='ocrx_word' id='word_1_102' title='bbox 942 1814 1140 1880; x_wconf 88' lang='lat' dir='ltr'>indiuiduae</span> <span class='ocrx_word' id='word_1_103' title='bbox 1162 1818 1239 1880; x_wconf 86' lang='lat' dir='ltr'>uni-</span> 
     </span>
     <span class='ocr_line' id='line_1_16' title="bbox 188 1914 1237 1998; baseline -0.001 -17"><span class='ocrx_word' id='word_1_104' title='bbox 188 1915 269 1981; x_wconf 85' lang='lat' dir='ltr'>tatis</span> <span class='ocrx_word' id='word_1_105' title='bbox 299 1922 335 1979; x_wconf 91' lang='lat' dir='ltr'>et</span> <span class='ocrx_word' id='word_1_106' title='bbox 361 1916 485 1981; x_wconf 90' lang='lat' dir='ltr'>beatae</span> <span class='ocrx_word' id='word_1_107' title='bbox 517 1915 652 1980; x_wconf 87' lang='lat' dir='ltr'>Mariae</span> <span class='ocrx_word' id='word_1_108' title='bbox 683 1935 817 1998; x_wconf 89' lang='lat' dir='ltr'>semper</span> <span class='ocrx_word' id='word_1_109' title='bbox 851 1914 997 1996; x_wconf 86' lang='lat' dir='ltr'>uirginis</span> <span class='ocrx_word' id='word_1_110' title='bbox 1029 1917 1237 1980; x_wconf 90' lang='lat' dir='ltr'>auctoritate</span> 
     </span>
     <span class='ocr_line' id='line_1_17' title="bbox 188 2014 1238 2097; baseline 0.001 -19"><span class='ocrx_word' id='word_1_111' title='bbox 188 2015 376 2097; x_wconf 84' lang='lat' dir='ltr'>praecipio,</span> <span class='ocrx_word' id='word_1_112' title='bbox 401 2025 441 2079; x_wconf 90' lang='lat' dir='ltr'>ut</span> <span class='ocrx_word' id='word_1_113' title='bbox 465 2015 581 2079; x_wconf 87' lang='lat' dir='ltr'>nullus</span> <span class='ocrx_word' id='word_1_114' title='bbox 605 2016 780 2080; x_wconf 90' lang='lat' dir='ltr'>hominum</span> <span class='ocrx_word' id='word_1_115' title='bbox 801 2021 1000 2097; x_wconf 87' lang='lat' dir='ltr'>praesumat</span> <span class='ocrx_word' id='word_1_116' title='bbox 1023 2014 1110 2078; x_wconf 88' lang='lat' dir='ltr'>hanc</span> <span class='ocrx_word' id='word_1_117' title='bbox 1130 2015 1238 2080; x_wconf 89' lang='lat' dir='ltr'>dona-</span> 
     </span>
    </p>
   </div>
   <div class='ocr_carea' id='block_1_3' title="bbox 189 2113 1346 2198">
    <p class='ocr_par' dir='ltr' id='par_1_3' title="bbox 189 2113 1346 2198">
     <span class='ocr_line' id='line_1_18' title="bbox 189 2113 1346 2198; baseline 0.001 -20"><span class='ocrx_word' id='word_1_118' title='bbox 189 2113 316 2179; x_wconf 91' lang='lat' dir='ltr'>tionem</span> <span class='ocrx_word' id='word_1_119' title='bbox 333 2116 513 2181; x_wconf 83' lang='lat' dir='ltr'>occasione</span> <span class='ocrx_word' id='word_1_120' title='bbox 528 2116 683 2198; x_wconf 88' lang='lat' dir='ltr'>qnalibet</span> <span class='ocrx_word' id='word_1_121' title='bbox 700 2115 882 2179; x_wconf 88' lang='lat' dir='ltr'>immutare</span> <span class='ocrx_word' id='word_1_122' title='bbox 896 2134 958 2178; x_wconf 91' lang='lat' dir='ltr'>nec</span> <span class='ocrx_word' id='word_1_123' title='bbox 969 2115 1134 2179; x_wconf 89' lang='lat' dir='ltr'>territorii</span> <span class='ocrx_word' id='word_1_124' title='bbox 1146 2115 1239 2179; x_wconf 90' lang='lat' dir='ltr'>codi-</span> <span class='ocrx_word' id='word_1_125' title='bbox 1342 2156 1346 2162; x_wconf 85' lang='lat'><em>-</em></span> 
     </span>
    </p>
   </div>
   <div class='ocr_carea' id='block_1_4' title="bbox 189 2213 1247 4193">
    <p class='ocr_par' dir='ltr' id='par_1_4' title="bbox 189 2213 1247 4193">
     <span class='ocr_line' id='line_1_19' title="bbox 189 2213 1240 2297; baseline 0.004 -20"><span class='ocrx_word' id='word_1_126' title='bbox 189 2234 261 2279; x_wconf 90' lang='lat' dir='ltr'>cem</span> <span class='ocrx_word' id='word_1_127' title='bbox 277 2214 335 2281; x_wconf 90' lang='lat' dir='ltr'>uel</span> <span class='ocrx_word' id='word_1_128' title='bbox 349 2213 546 2297; x_wconf 85' lang='lat' dir='ltr'>cirographi</span> <span class='ocrx_word' id='word_1_129' title='bbox 559 2215 726 2280; x_wconf 87' lang='lat' dir='ltr'>dictatum</span> <span class='ocrx_word' id='word_1_130' title='bbox 741 2222 863 2280; x_wconf 92' lang='lat' dir='ltr'>contra</span> <span class='ocrx_word' id='word_1_131' title='bbox 877 2233 974 2278; x_wconf 90' lang='lat' dir='ltr'>meae</span> <span class='ocrx_word' id='word_1_132' title='bbox 986 2215 1240 2281; x_wconf 86' lang='lat' dir='ltr'>munificentiae</span> 
     </span>
     <span class='ocr_line' id='line_1_20' title="bbox 190 2313 1241 2398; baseline 0.001 -19"><span class='ocrx_word' id='word_1_133' title='bbox 190 2315 320 2397; x_wconf 88' lang='lat' dir='ltr'>scripta</span> <span class='ocrx_word' id='word_1_134' title='bbox 338 2315 375 2378; x_wconf 93' lang='lat' dir='ltr'>in</span> <span class='ocrx_word' id='word_1_135' title='bbox 397 2315 545 2378; x_wconf 91' lang='lat' dir='ltr'>medium</span> <span class='ocrx_word' id='word_1_136' title='bbox 569 2315 733 2397; x_wconf 87' lang='lat' dir='ltr'>proferre,</span> <span class='ocrx_word' id='word_1_137' title='bbox 749 2315 808 2379; x_wconf 91' lang='lat' dir='ltr'>sed</span> <span class='ocrx_word' id='word_1_138' title='bbox 830 2315 993 2377; x_wconf 90' lang='lat' dir='ltr'>uniuersa</span> <span class='ocrx_word' id='word_1_139' title='bbox 1013 2313 1074 2377; x_wconf 89' lang='lat' dir='ltr'>illa</span> <span class='ocrx_word' id='word_1_140' title='bbox 1096 2315 1241 2398; x_wconf 89' lang='lat' dir='ltr'>antiqua</span> 
     </span>
     <span class='ocr_line' id='line_1_21' title="bbox 191 2415 1242 2497; baseline 0.002 -19"><span class='ocrx_word' id='word_1_141' title='bbox 191 2415 375 2490; x_wconf 89' lang='lat' dir='ltr'>territoria,</span> <span class='ocrx_word' id='word_1_142' title='bbox 393 2415 594 2497; x_wconf 87' lang='lat' dir='ltr'>supradicto</span> <span class='ocrx_word' id='word_1_143' title='bbox 611 2416 773 2496; x_wconf 81' lang='lat' dir='ltr'>exigente</span> <span class='ocrx_word' id='word_1_144' title='bbox 797 2422 907 2490; x_wconf 89' lang='lat' dir='ltr'>reatu,</span> <span class='ocrx_word' id='word_1_145' title='bbox 922 2433 1057 2495; x_wconf 89' lang='lat' dir='ltr'>semper</span> <span class='ocrx_word' id='word_1_146' title='bbox 1072 2415 1108 2478; x_wconf 94' lang='lat' dir='ltr'>in</span> <span class='ocrx_word' id='word_1_147' title='bbox 1125 2423 1242 2496; x_wconf 89' lang='lat' dir='ltr'>poste-</span> 
     </span>
     <span class='ocr_line' id='line_1_22' title="bbox 191 2513 1241 2596; baseline 0.002 -18"><span class='ocrx_word' id='word_1_148' title='bbox 191 2534 265 2578; x_wconf 90' lang='lat' dir='ltr'>rum</span> <span class='ocrx_word' id='word_1_149' title='bbox 288 2533 351 2595; x_wconf 87' lang='lat' dir='ltr'>pro</span> <span class='ocrx_word' id='word_1_150' title='bbox 374 2514 501 2578; x_wconf 91' lang='lat' dir='ltr'>nichilo</span> <span class='ocrx_word' id='word_1_151' title='bbox 525 2522 778 2596; x_wconf 88' lang='lat' dir='ltr'>computentur,</span> <span class='ocrx_word' id='word_1_152' title='bbox 798 2513 891 2578; x_wconf 89' lang='lat' dir='ltr'>etad</span> <span class='ocrx_word' id='word_1_153' title='bbox 916 2513 1081 2579; x_wconf 89' lang='lat' dir='ltr'>nichilum</span> <span class='ocrx_word' id='word_1_154' title='bbox 1099 2515 1241 2580; x_wconf 88' lang='lat' dir='ltr'>redacta</span> 
     </span>
     <span class='ocr_line' id='line_1_23' title="bbox 192 2613 1242 2698; baseline 0.002 -19"><span class='ocrx_word' id='word_1_155' title='bbox 192 2613 342 2679; x_wconf 91' lang='lat' dir='ltr'>omnium</span> <span class='ocrx_word' id='word_1_156' title='bbox 365 2614 477 2696; x_wconf 89' lang='lat' dir='ltr'>sputis</span> <span class='ocrx_word' id='word_1_157' title='bbox 498 2615 650 2679; x_wconf 87' lang='lat' dir='ltr'>obnoxia</span> <span class='ocrx_word' id='word_1_158' title='bbox 672 2615 930 2691; x_wconf 88' lang='lat' dir='ltr'>conculcentur,</span> <span class='ocrx_word' id='word_1_159' title='bbox 952 2621 987 2679; x_wconf 88' lang='lat' dir='ltr'>et</span> <span class='ocrx_word' id='word_1_160' title='bbox 1009 2613 1242 2698; x_wconf 86' lang='lat' dir='ltr'>huinspriui·</span> 
     </span>
     <span class='ocr_line' id='line_1_24' title="bbox 190 2712 1240 2795; baseline 0.004 -19"><span class='ocrx_word' id='word_1_161' title='bbox 190 2712 271 2795; x_wconf 78' lang='lat' dir='ltr'>legii</span> <span class='ocrx_word' id='word_1_162' title='bbox 285 2713 425 2778; x_wconf 85' lang='lat' dir='ltr'>decreta</span> <span class='ocrx_word' id='word_1_163' title='bbox 438 2714 554 2778; x_wconf 87' lang='lat' dir='ltr'>stabili</span> <span class='ocrx_word' id='word_1_164' title='bbox 566 2720 601 2778; x_wconf 91' lang='lat' dir='ltr'>et</span> <span class='ocrx_word' id='word_1_165' title='bbox 613 2715 818 2779; x_wconf 88' lang='lat' dir='ltr'>inconcussa</span> <span class='ocrx_word' id='word_1_166' title='bbox 834 2714 1010 2779; x_wconf 88' lang='lat' dir='ltr'>soliditate</span> <span class='ocrx_word' id='word_1_167' title='bbox 1023 2716 1240 2781; x_wconf 88' lang='lat' dir='ltr'>roborentur.</span> 
     </span>
     <span class='ocr_line' id='line_1_25' title="bbox 192 2811 1241 2905; baseline 0.003 -29"><span class='ocrx_word' id='word_1_168' title='bbox 192 2811 227 2876; x_wconf 90' lang='lat' dir='ltr'>Si</span> <span class='ocrx_word' id='word_1_169' title='bbox 253 2813 331 2895; x_wconf 91' lang='lat' dir='ltr'>quis</span> <span class='ocrx_word' id='word_1_170' title='bbox 354 2821 483 2891; x_wconf 87' lang='lat' dir='ltr'>autem,</span> <span class='ocrx_word' id='word_1_171' title='bbox 496 2814 692 2905; x_wconf 29' lang='lat' dir='ltr'>&#39;instigante</span> <span class='ocrx_word' id='word_1_172' title='bbox 712 2814 862 2890; x_wconf 89' lang='lat' dir='ltr'>diabolo,</span> <span class='ocrx_word' id='word_1_173' title='bbox 880 2815 965 2878; x_wconf 88' lang='lat' dir='ltr'>haec</span> <span class='ocrx_word' id='word_1_174' title='bbox 988 2815 1146 2880; x_wconf 88' lang='lat' dir='ltr'>consulta</span> <span class='ocrx_word' id='word_1_175' title='bbox 1169 2823 1241 2879; x_wconf 90' lang='lat' dir='ltr'>tam</span> 
     </span>
     <span class='ocr_line' id='line_1_26' title="bbox 193 2913 1242 2997; baseline 0.003 -21"><span class='ocrx_word' id='word_1_176' title='bbox 193 2931 267 2978; x_wconf 90' lang='lat' dir='ltr'>mea</span> <span class='ocrx_word' id='word_1_177' title='bbox 284 2932 387 2996; x_wconf 89' lang='lat' dir='ltr'>quam</span> <span class='ocrx_word' id='word_1_178' title='bbox 405 2913 523 2978; x_wconf 90' lang='lat' dir='ltr'>diuina</span> <span class='ocrx_word' id='word_1_179' title='bbox 540 2915 746 2978; x_wconf 90' lang='lat' dir='ltr'>auctoritate</span> <span class='ocrx_word' id='word_1_180' title='bbox 763 2915 986 2978; x_wconf 90' lang='lat' dir='ltr'>corroborata</span> <span class='ocrx_word' id='word_1_181' title='bbox 999 2915 1131 2981; x_wconf 89' lang='lat' dir='ltr'>uiolare</span> <span class='ocrx_word' id='word_1_182' title='bbox 1145 2935 1242 2997; x_wconf 85' lang='lat' dir='ltr'>prae-</span> 
     </span>
     <span class='ocr_line' id='line_1_27' title="bbox 190 3013 1242 3098; baseline 0.004 -22"><span class='ocrx_word' id='word_1_183' title='bbox 190 3013 387 3094; x_wconf 88' lang='lat' dir='ltr'>sumpserit,</span> <span class='ocrx_word' id='word_1_184' title='bbox 400 3013 475 3077; x_wconf 92' lang='lat' dir='ltr'>siue</span> <span class='ocrx_word' id='word_1_185' title='bbox 488 3033 584 3077; x_wconf 89' lang='lat' dir='ltr'>meus</span> <span class='ocrx_word' id='word_1_186' title='bbox 598 3014 644 3077; x_wconf 89' lang='lat' dir='ltr'>sit</span> <span class='ocrx_word' id='word_1_187' title='bbox 657 3013 758 3088; x_wconf 87' lang='lat' dir='ltr'>filius,</span> <span class='ocrx_word' id='word_1_188' title='bbox 772 3014 847 3077; x_wconf 90' lang='lat' dir='ltr'>siue</span> <span class='ocrx_word' id='word_1_189' title='bbox 858 3014 944 3091; x_wconf 88' lang='lat' dir='ltr'>dux,</span> <span class='ocrx_word' id='word_1_190' title='bbox 958 3015 1031 3078; x_wconf 92' lang='lat' dir='ltr'>siue</span> <span class='ocrx_word' id='word_1_191' title='bbox 1046 3013 1242 3098; x_wconf 79' lang='lat' dir='ltr'>episcopus,</span> 
     </span>
     <span class='ocr_line' id='line_1_28' title="bbox 194 3112 1242 3196; baseline 0.001 -18"><span class='ocrx_word' id='word_1_192' title='bbox 194 3112 267 3179; x_wconf 91' lang='lat' dir='ltr'>siue</span> <span class='ocrx_word' id='word_1_193' title='bbox 284 3112 452 3190; x_wconf 90' lang='lat' dir='ltr'>minister,</span> <span class='ocrx_word' id='word_1_194' title='bbox 468 3121 529 3177; x_wconf 88' lang='lat' dir='ltr'>aut</span> <span class='ocrx_word' id='word_1_195' title='bbox 544 3114 790 3194; x_wconf 88' lang='lat' dir='ltr'>cuiuscumque</span> <span class='ocrx_word' id='word_1_196' title='bbox 798 3113 979 3196; x_wconf 83' lang='lat' dir='ltr'>dignitatis</span> <span class='ocrx_word' id='word_1_197' title='bbox 990 3114 1157 3188; x_wconf 87' lang='lat' dir='ltr'>extiterit,</span> <span class='ocrx_word' id='word_1_198' title='bbox 1171 3135 1242 3179; x_wconf 93' lang='lat' dir='ltr'>om-</span> 
     </span>
     <span class='ocr_line' id='line_1_29' title="bbox 194 3211 1243 3297; baseline 0.004 -22"><span class='ocrx_word' id='word_1_199' title='bbox 194 3213 354 3294; x_wconf 87' lang='lat' dir='ltr'>nipotens</span> <span class='ocrx_word' id='word_1_200' title='bbox 369 3211 453 3278; x_wconf 90' lang='lat' dir='ltr'>deus</span> <span class='ocrx_word' id='word_1_201' title='bbox 471 3220 659 3295; x_wconf 88' lang='lat' dir='ltr'>sanctaque</span> <span class='ocrx_word' id='word_1_202' title='bbox 675 3213 750 3276; x_wconf 89' lang='lat' dir='ltr'>eius</span> <span class='ocrx_word' id='word_1_203' title='bbox 765 3211 916 3294; x_wconf 84' lang='lat' dir='ltr'>genitrix</span> <span class='ocrx_word' id='word_1_204' title='bbox 926 3231 1128 3295; x_wconf 89' lang='lat' dir='ltr'>semperque</span> <span class='ocrx_word' id='word_1_205' title='bbox 1143 3215 1243 3297; x_wconf 86' lang='lat' dir='ltr'>uirgo</span> 
     </span>
     <span class='ocr_line' id='line_1_30' title="bbox 195 3309 1243 3397; baseline 0.002 -21"><span class='ocrx_word' id='word_1_206' title='bbox 195 3311 321 3389; x_wconf 90' lang='lat' dir='ltr'>Maria,</span> <span class='ocrx_word' id='word_1_207' title='bbox 339 3318 375 3376; x_wconf 88' lang='lat' dir='ltr'>et</span> <span class='ocrx_word' id='word_1_208' title='bbox 390 3314 499 3376; x_wconf 91' lang='lat' dir='ltr'>omnis</span> <span class='ocrx_word' id='word_1_209' title='bbox 517 3331 743 3397; x_wconf 88' lang='lat' dir='ltr'>supernorum</span> <span class='ocrx_word' id='word_1_210' title='bbox 762 3317 883 3375; x_wconf 88' lang='lat' dir='ltr'>sancta</span> <span class='ocrx_word' id='word_1_211' title='bbox 899 3309 1011 3375; x_wconf 87' lang='lat' dir='ltr'>uirtus</span> <span class='ocrx_word' id='word_1_212' title='bbox 1029 3314 1243 3377; x_wconf 87' lang='lat' dir='ltr'>exercituum</span> 
     </span>
     <span class='ocr_line' id='line_1_31' title="bbox 193 3410 1242 3486; baseline -0.002 -7"><span class='ocrx_word' id='word_1_213' title='bbox 193 3412 409 3479; x_wconf 77' lang='lat' dir='ltr'>maiestatem</span> <span class='ocrx_word' id='word_1_214' title='bbox 426 3412 578 3477; x_wconf 88' lang='lat' dir='ltr'>diuinam</span> <span class='ocrx_word' id='word_1_215' title='bbox 595 3412 790 3476; x_wconf 87' lang='lat' dir='ltr'>incessabili</span> <span class='ocrx_word' id='word_1_216' title='bbox 806 3430 893 3475; x_wconf 90' lang='lat' dir='ltr'>uoce</span> <span class='ocrx_word' id='word_1_217' title='bbox 906 3410 1134 3486; x_wconf 84' lang='lat' dir='ltr'>laudantium,</span> <span class='ocrx_word' id='word_1_218' title='bbox 1152 3412 1242 3477; x_wconf 91' lang='lat' dir='ltr'>hunc</span> 
     </span>
     <span class='ocr_line' id='line_1_32' title="bbox 195 3510 1244 3595; baseline 0.001 -20"><span class='ocrx_word' id='word_1_219' title='bbox 195 3511 230 3578; x_wconf 90' lang='lat' dir='ltr'>in</span> <span class='ocrx_word' id='word_1_220' title='bbox 247 3511 322 3576; x_wconf 89' lang='lat' dir='ltr'>uita</span> <span class='ocrx_word' id='word_1_221' title='bbox 344 3511 413 3576; x_wconf 90' lang='lat' dir='ltr'>ista</span> <span class='ocrx_word' id='word_1_222' title='bbox 433 3512 611 3595; x_wconf 88' lang='lat' dir='ltr'>despiciat,</span> <span class='ocrx_word' id='word_1_223' title='bbox 628 3517 663 3575; x_wconf 90' lang='lat' dir='ltr'>et</span> <span class='ocrx_word' id='word_1_224' title='bbox 684 3511 883 3593; x_wconf 88' lang='lat' dir='ltr'>despectum</span> <span class='ocrx_word' id='word_1_225' title='bbox 905 3511 942 3574; x_wconf 91' lang='lat' dir='ltr'>in</span> <span class='ocrx_word' id='word_1_226' title='bbox 964 3510 1082 3575; x_wconf 83' lang='lat' dir='ltr'>futuro</span> <span class='ocrx_word' id='word_1_227' title='bbox 1104 3512 1244 3581; x_wconf 88' lang='lat' dir='ltr'>saeculo</span> 
     </span>
     <span class='ocr_line' id='line_1_33' title="bbox 191 3611 1244 3695; baseline -0.003 -16"><span class='ocrx_word' id='word_1_228' title='bbox 191 3612 266 3679; x_wconf 81' lang='lat' dir='ltr'>sine</span> <span class='ocrx_word' id='word_1_229' title='bbox 295 3611 363 3675; x_wconf 91' lang='lat' dir='ltr'>fine</span> <span class='ocrx_word' id='word_1_230' title='bbox 391 3611 568 3695; x_wconf 87' lang='lat' dir='ltr'>disperdat</span> <span class='ocrx_word' id='word_1_231' title='bbox 593 3611 702 3689; x_wconf 90' lang='lat' dir='ltr'>illum,</span> <span class='ocrx_word' id='word_1_232' title='bbox 729 3612 795 3675; x_wconf 90' lang='lat' dir='ltr'>nisi</span> <span class='ocrx_word' id='word_1_233' title='bbox 824 3630 979 3692; x_wconf 79' lang='lat' dir='ltr'>congrua</span> <span class='ocrx_word' id='word_1_234' title='bbox 1009 3611 1244 3676; x_wconf 86' lang='lat' dir='ltr'>satisfactione</span> 
     </span>
     <span class='ocr_line' id='line_1_34' title="bbox 194 3711 1244 3794; baseline 0.001 -19"><span class='ocrx_word' id='word_1_235' title='bbox 194 3711 273 3776; x_wconf 85' lang='lat' dir='ltr'>ante</span> <span class='ocrx_word' id='word_1_236' title='bbox 303 3711 434 3776; x_wconf 87' lang='lat' dir='ltr'>exitum</span> <span class='ocrx_word' id='word_1_237' title='bbox 464 3732 566 3776; x_wconf 92' lang='lat' dir='ltr'>suum</span> <span class='ocrx_word' id='word_1_238' title='bbox 599 3711 833 3777; x_wconf 87' lang='lat' dir='ltr'>emendauerit</span> <span class='ocrx_word' id='word_1_239' title='bbox 864 3712 956 3794; x_wconf 93' lang='lat' dir='ltr'>quod</span> <span class='ocrx_word' id='word_1_240' title='bbox 989 3718 1111 3776; x_wconf 89' lang='lat' dir='ltr'>contra</span> <span class='ocrx_word' id='word_1_241' title='bbox 1142 3712 1244 3776; x_wconf 92' lang='lat' dir='ltr'>deum</span> 
     </span>
     <span class='ocr_line' id='line_1_35' title="bbox 194 3808 1245 3894; baseline -0.001 -20"><span class='ocrx_word' id='word_1_242' title='bbox 194 3818 419 3893; x_wconf 87' lang='lat' dir='ltr'>sanctamque</span> <span class='ocrx_word' id='word_1_243' title='bbox 440 3812 591 3876; x_wconf 89' lang='lat' dir='ltr'>Mariam</span> <span class='ocrx_word' id='word_1_244' title='bbox 613 3811 769 3894; x_wconf 91' lang='lat' dir='ltr'>deliquit.</span> <span class='ocrx_word' id='word_1_245' title='bbox 821 3808 943 3877; x_wconf 88' lang='lat' dir='ltr'>Amen.</span> <span class='ocrx_word' id='word_1_246' title='bbox 997 3810 1115 3875; x_wconf 91' lang='lat' dir='ltr'>Huius</span> <span class='ocrx_word' id='word_1_247' title='bbox 1135 3811 1245 3894; x_wconf 89' lang='lat' dir='ltr'>priui-</span> 
     </span>
     <span class='ocr_line' id='line_1_36' title="bbox 195 3909 1247 3994; baseline 0.001 -21"><span class='ocrx_word' id='word_1_248' title='bbox 195 3909 276 3993; x_wconf 80' lang='lat' dir='ltr'>legii</span> <span class='ocrx_word' id='word_1_249' title='bbox 303 3909 489 3994; x_wconf 90' lang='lat' dir='ltr'>descriptio</span> <span class='ocrx_word' id='word_1_250' title='bbox 516 3911 643 3992; x_wconf 85' lang='lat' dir='ltr'>iugiter</span> <span class='ocrx_word' id='word_1_251' title='bbox 669 3911 706 3974; x_wconf 94' lang='lat' dir='ltr'>in</span> <span class='ocrx_word' id='word_1_252' title='bbox 731 3911 993 3993; x_wconf 87' lang='lat' dir='ltr'>praenominato</span> <span class='ocrx_word' id='word_1_253' title='bbox 1023 3919 1247 3976; x_wconf 84' lang='lat' dir='ltr'>conseructur</span> 
     </span>
     <span class='ocr_line' id='line_1_37' title="bbox 196 4010 1247 4079; baseline 0.002 -6"><span class='ocrx_word' id='word_1_254' title='bbox 196 4010 403 4075; x_wconf 90' lang='lat' dir='ltr'>monasterio</span> <span class='ocrx_word' id='word_1_255' title='bbox 420 4018 460 4075; x_wconf 93' lang='lat' dir='ltr'>ut</span> <span class='ocrx_word' id='word_1_256' title='bbox 477 4010 523 4075; x_wconf 88' lang='lat' dir='ltr'>sit</span> <span class='ocrx_word' id='word_1_257' title='bbox 539 4011 681 4074; x_wconf 88' lang='lat' dir='ltr'>libertas</span> <span class='ocrx_word' id='word_1_258' title='bbox 699 4017 846 4074; x_wconf 89' lang='lat' dir='ltr'>externa</span> <span class='ocrx_word' id='word_1_259' title='bbox 868 4010 1031 4079; x_wconf 86' lang='lat' dir='ltr'>librorum</span> <span class='ocrx_word' id='word_1_260' title='bbox 1049 4010 1093 4074; x_wconf 90' lang='lat' dir='ltr'>ad</span> <span class='ocrx_word' id='word_1_261' title='bbox 1110 4011 1247 4075; x_wconf 89' lang='lat' dir='ltr'>uniuer-</span> 
     </span>
     <span class='ocr_line' id='line_1_38' title="bbox 196 4110 1247 4193; baseline -0.001 -20"><span class='ocrx_word' id='word_1_262' title='bbox 196 4128 254 4173; x_wconf 87' lang='lat' dir='ltr'>sas</span> <span class='ocrx_word' id='word_1_263' title='bbox 277 4111 553 4191; x_wconf 89' lang='lat' dir='ltr'>supradictarum</span> <span class='ocrx_word' id='word_1_264' title='bbox 576 4110 811 4191; x_wconf 88' lang='lat' dir='ltr'>possessiones</span> <span class='ocrx_word' id='word_1_265' title='bbox 834 4118 1003 4174; x_wconf 88' lang='lat' dir='ltr'>terrarum</span> <span class='ocrx_word' id='word_1_266' title='bbox 1027 4129 1115 4193; x_wconf 86' lang='lat' dir='ltr'>quus</span> <span class='ocrx_word' id='word_1_267' title='bbox 1137 4111 1247 4176; x_wconf 92' lang='lat' dir='ltr'>omni·</span> 
     </span>
    </p>
   </div>
   <div class='ocr_carea' id='block_1_5' title="bbox 0 0 1443 4876">
    <p class='ocr_par' dir='ltr' id='par_1_5' title="bbox 0 0 1443 4876">
     <span class='ocr_line' id='line_1_39' title="bbox 0 0 1443 4876; baseline 0 0"><span class='ocrx_word' id='word_1_268' title='bbox 0 0 1443 4876; x_wconf 95' lang='lat' dir='ltr'> </span> 
     </span>
    </p>
   </div>
  </div>
 </body>
</html>
