2850 4876
439 367 611 437 onsurae
636 366 982 416 anonosrxourosu,
1176 346 1241 412 123

184 542 283 608 quem
300 522 467 589 solicolae
481 523 838 609 Swy'ubeortesweald
855 529 995 599 uocant,
1017 542 1096 587 cum
1115 524 1239 606 pratis,

183 623 335 706 pascuis,
364 624 591 707 omnibusque
623 623 667 689 ed
698 643 776 689 eam
803 622 871 688 rite
900 623 1167 705 pertinentibus,
1199 630 1239 688 ut

182 723 359 805 possideat
386 723 574 789 liberaliter
604 721 783 806 usquead
811 729 1004 787 extremum
1033 723 1127 786 uitae
1153 741 1238 786 suae

182 823 380 904 tramitem;
403 824 447 889 de
468 823 629 906 deinceps
652 830 769 887 autem
785 822 853 886 sibi
867 821 1066 887 succedenti
1083 823 1238 886 cuicum-

182 941 250 1004 que
266 921 438 1005 placuerit
452 922 592 989 haeredi
606 923 642 987 in
657 929 835 988 aeternam
854 921 1027 1004 relinquat
1041 920 1236 986 haeredita-

183 1028 267 1097 tem,
279 1023 327 1086 ab
341 1023 436 1087 omni
450 1042 488 1087 re
504 1022 674 1088 saeculari
689 1022 846 1098 liberam,
861 1023 1016 1105 exceptis
1033 1021 1157 1098 tribus,
1171 1021 1237 1086 hoc

183 1127 249 1199 est,
262 1121 494 1204 expeditione,
512 1121 628 1204 pontis
651 1122 787 1186 arcisue
801 1121 1069 1186 constructione.
1116 1119 1237 1185 Tellus

183 1220 324 1304 quidem
339 1221 555 1306 praescripta
572 1220 626 1285 his
643 1221 796 1286 terminis
813 1220 1104 1302 circumcingitur.

652 1403 772 1417 ff

548 1517 884 1584 noonxxxvr.

580 1637 841 1734 *oswino
920 1756 925 1761 ¹

239 1821 281 1902 ›1‹
303 1817 381 1882 Eoo
394 1815 582 1882 Oswoldos
602 1816 659 1883 dei
681 1817 797 1900 gratia
818 1817 1050 1882 Eboracensis
1071 1818 1240 1904 archiepi-

185 1936 324 2002 scopus,
344 1917 520 1999 praesenti
533 1916 664 1999 scripto
681 1924 801 1983 notum
818 1917 910 1982 facio
927 1925 999 1982 tam
1014 1918 1089 1995 tibi,
1106 1918 1237 1984 charis·

186 2020 272 2084 sime
303 2017 415 2082 amice
442 2015 515 2080 dux
547 2016 734 2100 AElswyne,
769 2036 874 2100 quam
906 2017 972 2082 toti
1003 2017 1120 2082 curiae
1134 2010 1137 2013 ⁴
1151 2019 1238 2103 Wy·

187 2118 342 2200 gumiae,
357 2123 393 2181 et
415 2116 577 2181 omnibus
600 2116 720 2181 amicis
741 2118 839 2192 meis,
855 2117 949 2200 quod
977 2116 1094 2182 dilecti
1120 2117 1183 2184 filii
1202 2127 1238 2184 et

187 2217 313 2283 fratres
327 2216 396 2280 mei
419 2215 461 2280 de
487 2215 655 2282 Ramesia
676 2224 921 2282 concesserunt
942 2215 1026 2280 mihi
1043 2224 1171 2282 terram
1194 2219 1237 2284 de

188 2317 305 2394 Stura,
320 2317 385 2383 sub
400 2315 555 2397 gratuita
579 2315 788 2394 conditione,
810 2336 881 2400 qua
905 2315 1049 2400 pacifice
1069 2317 1237 2384 internos

188 2418 317 2500 poterit
331 2416 528 2493 conuenire,
548 2415 613 2483 hoo
630 2424 684 2480 est
705 2416 820 2499 spatio
842 2415 937 2482 uitae
954 2416 1056 2481 nnius
1077 2416 1238 2500 hominis,

189 2517 244 2583 eui
267 2535 346 2581 eam
369 2515 551 2581 tenendam
579 2516 755 2580 dimittere
775 2515 974 2594 noluissem,
1001 2536 1080 2580 cum
1106 2518 1238 2584 instau-

188 2624 346 2681 ramento
362 2623 398 2680 et
417 2615 580 2679 rebusad
597 2634 673 2682 eam
697 2616 959 2698 pertinentibus.
1004 2615 1238 2701 Quapropter,

188 2715 490 2793 charissime'dnx,
507 2716 573 2780 sub
586 2722 645 2780 tuo
660 2721 696 2779 et
705 2715 858 2780 omnium
869 2724 1024 2781 uestrum
1040 2719 1238 2785 testimonio

188 2817 339 2883 concedo
360 2815 502 2879 eandem
525 2823 654 2880 terram
679 2815 802 2881 Osulfo
828 2824 979 2899 cognato
1001 2836 1079 2882 meo
1099 2818 1136 2901 in
1164 2820 1238 2884 uite

188 2915 551 2993 astrueremus
578 2915 681 2998 plane
708 2923 749 2980 ut
782 2924 862 2997 post
891 2917 967 2982 eius
994 2918 1127 2983 obitum
1158 2938 1236 2983 cum

187 3014 461 3086 instaurameuto
477 3015 570 3098 quod
591 3015 628 3078 in
650 3034 692 3080 ea
712 3016 885 3081 inuenerit
906 3023 942 3082 et
964 3017 1057 3081 omni
1080 3017 1237 3084 meliora,

188 3117 281 3183 tione
298 3133 453 3198 quaeum
464 3115 500 3179 in
509 3116 584 3180 nita
596 3134 661 3180 sua
674 3114 854 3180 meliorare
863 3117 1002 3199 poterit,
1016 3117 1060 3181 ad
1073 3117 1238 3199 honorem

188 3215 244 3283 del
261 3223 298 3280 et
313 3222 456 3280 sanctae
472 3215 607 3280 Mariae
624 3222 659 3280 et
676 3216 827 3285 omnium
840 3222 1050 3292 sanctorum,
1064 3236 1127 3299 pro
1143 3239 1239 3285 meae

189 3323 224 3380 et
237 3334 322 3383 suae
340 3321 376 3379 et
393 3316 479 3392 eius,
495 3316 555 3397 qui
572 3335 648 3380 eam
665 3316 777 3399 primo
788 3313 897 3379 eidem
909 3313 1097 3382 aecclesiae
1109 3317 1238 3384 Rame-

189 3414 261 3480 siae
275 3415 314 3493 ,in
332 3422 538 3481 testamento
562 3415 714 3498 reliquit,
734 3415 926 3479 animarum
942 3413 1054 3479 salute
1070 3414 1107 3481 in
1122 3416 1241 3501 dispo-

189 3515 349 3581 sitionem
385 3515 531 3585 fratrum
567 3521 602 3580 et
635 3515 886 3599 possessionem
917 3515 1026 3579 libera
1056 3515 1176 3581 redeat
1205 3527 1240 3584 et

190 3615 319 3698 quieta.
365 3613 573 3696 Quicunque
587 3615 695 3696 igitur
712 3615 779 3679 hoc
795 3616 997 3681 imminuere
1014 3618 1240 3684 attentanerit

191 3722 252 3786 aut
269 3714 463 3792 immutare,
478 3734 499 3778 a
514 3715 688 3780 consortio
703 3715 830 3779 ciuium
848 3722 1051 3798 segregetur
1071 3732 1239 3797 superno·

190 3832 280 3891 rum,
294 3822 330 3880 et
347 3833 425 3879 cum
448 3813 593 3895 Angelis
612 3814 785 3880 sathanae
802 3815 850 3879 sit
872 3813 1098 3880 commoratio
1114 3815 1188 3880 eius
1204 3818 1240 3884 in

189 3914 336 3991 inferno,
358 3914 425 3978 nisi
449 3915 484 3978 in
506 3913 582 3978 uita
602 3933 667 3978 sue
690 3914 861 3997 condigna
885 3914 1123 3980 satisfactione
1143 3935 1240 3999 prae·

189 4015 421 4097 sumptionem
467 4014 670 4079 temeritatis
706 4034 790 4080 suae
831 4012 1004 4079 studuerit
1046 4015 1241 4098 emendare,

191 4112 313 4181 Amen.
