2850 4876
381 346 555 395 onsurae
578 347 926 399 lucrosnxomorn.
1114 339 1179 404 145

119 504 306 587 AEiielunig
330 492 497 569 minister.
554 507 594 586 *l*
616 506 692 588 Ego
722 506 882 590 AElfunig
908 510 1074 575 minister.
1131 516 1170 596 ›1‹

117 607 191 689 Ego
210 605 393 670 AElsnuine
412 606 575 669 minister.
628 609 667 688 ›1‹
692 606 770 688 Ego
785 607 911 672 Eadric
930 611 1097 676 minister.

510 904 779 970 MCCXCVII.

455 1053 719 1132 AEDELRED,
737 1055 836 1120 1002.

167 1208 208 1288 »1⁴
240 1205 457 1269 Raoururn.
473 1200 726 1288 imperpetuum
753 1203 893 1268 domino
918 1213 1037 1271 nostro
1066 1209 1171 1276 lbesn

115 1303 279 1371 Christo!
335 1305 479 1369 Cunctis
495 1305 640 1388 sophiae
662 1304 815 1368 studium
839 1304 945 1369 ferme
968 1307 1171 1377 rimantibus

113 1406 229 1469 stabili
245 1414 365 1469 notum
389 1412 527 1470 constat
552 1406 698 1482 ratione,
721 1404 813 1486 quod
838 1409 1029 1488 praesentis
1055 1429 1170 1474 essen·

112 1505 180 1569 tiae
215 1504 379 1588 periculis
417 1505 660 1570 incubantibus
698 1512 733 1569 et
765 1505 857 1569 curis
892 1512 1168 1576 euanescentinm

111 1625 224 1668 rerum
249 1606 427 1688 inopinate
452 1605 757 1681 crebrescentibus
790 1605 941 1670 humana
970 1611 1169 1678 mortalium

111 1725 225 1769 rerum
260 1706 413 1788 cognitio
443 1706 543 1788 quasi
571 1724 629 1769 ros
654 1705 836 1769 minuendo
862 1706 1010 1771 elabitur
1043 1717 1078 1773 et
1108 1714 1170 1777 ob-

109 1803 230 1869 liuioni
252 1807 454 1871 tantundem
478 1805 644 1882 traditur,
669 1805 736 1868 nisi
767 1806 885 1888 aliqua
915 1814 1010 1872 certa
1035 1811 1168 1878 ratione

109 1912 348 1986 praenotetur,
369 1906 451 1990 quia
470 1925 541 1970 non
560 1913 643 1970 sunt
666 1912 809 1969 aeterna
833 1925 922 1988 quae
948 1907 1003 1971 hic
1026 1913 1163 1994 conspi-

111 2007 251 2069 ciuntur
282 2006 341 2070 sed
377 2013 538 2084 terrena3
573 2011 612 2068 ut
647 2006 798 2070 imbutus
831 2025 987 2070 sermone
1009 2013 1165 2077 tonantis

111 2105 292 2188 apostolus
306 2106 450 2190 inquit,‘
466 2105 572 2170 Nunc
583 2104 680 2168 uelut
692 2106 813 2169 umbra
825 2107 894 2170 cito
912 2107 962 2170 sic
979 2127 1165 2191 corporeae

111 2205 252 2287 fugiunt
268 2226 334 2282 reS,
350 2208 410 2271 sed
427 2205 533 2270 decus
560 2211 737 2269 aeternnm
763 2205 828 2269 hoc
853 2206 930 2269 nisu
950 2214 1023 2271 stat
1038 2211 1165 2276 certius

111 2307 229 2371 omni.'
283 2305 373 2370 Ideo
393 2325 458 2387 ego
476 2304 682 2370 AE’oelredus
707 2325 782 2381 rex,
811 2304 1007 2387 Anglornm
1029 2309 1165 2376 telluris

111 2407 325 2486 gubernator
347 2412 382 2470 et
395 2414 521 2484 rector,
537 2405 674 2469 cuidam
691 2424 768 2469 meo
784 2405 876 2470 fideli
899 2407 1056 2472 ministro
1071 2413 1165 2477 uoci·

110 2512 184 2570 tato
210 2505 348 2570 nomine
362 2505 546 2583 AElfhelm,
568 2505 720 2594 aliquam
746 2506 939 2587 portionem
961 2514 1074 2576 terrae
1100 2531 1163 2594 pro

111 2624 174 2669 suo
190 2605 354 2688 placabili
369 2605 528 2688 pecunia,
545 2605 580 2668 id
597 2612 650 2669 est
664 2613 800 2670 centnm
823 2607 1077 2690 quinquaginta
1094 2611 1169 2690 dno¹

111 2725 297 2770 mancusas
314 2706 392 2786 puri
406 2706 493 2790 auri,
513 2706 711 2788 perenniter
727 2715 840 2770 mente
856 2708 982 2772 deuota
999 2713 1159 2790 concedo,

109 2805 144 2867 id
162 2812 217 2868 est
234 2823 277 2868 .v.
296 2825 434 2870 mansas
456 2806 526 2869 illic
542 2805 601 2869 ubi
624 2803 774 2887 Anglica
789 2806 1023 2889 appellatione
1036 2810 1162 2875 dicitnr

111 2913 157 2969 aet
169 2904 463 2986 Guberingcoton,
479 2906 589 2970 utillo
601 2906 777 2988 praedicto
795 2908 969 2973 territorio
980 2910 1054 2973 uoti
1068 2930 1161 2976 com-

112 3023 175 3087 pos
190 3007 267 3070 uita
281 3005 478 3088 perfruatur
496 3007 640 3086 comite;
665 3013 700 3071 et
714 3012 795 3088 post
809 3008 941 3071 obitum
966 3009 1033 3072 sibi
1053 3028 1074 3073 a
1095 3011 1160 3078 deo

110 3106 308 3186 praeuisum
325 3108 597 3189 quibuscumque
614 3106 766 3170 uoluerit
780 3106 996 3185 cleronomis,
1011 3129 1088 3173 cnm
1107 3113 1161 3176 his

110 3207 211 3270 rebus
235 3225 324 3290 quae
348 3206 392 3270 ad
414 3207 557 3270 eandem
580 3214 707 3272 terram
735 3205 905 3288 pertinere
922 3207 1160 3290 dinoscuntur,

109 3311 179 3369 tam
197 3307 232 3369 in
254 3307 390 3388 magnis
405 3327 508 3389 quam
526 3306 562 3368 in
579 3306 740 3382 minimis
756 3304 898 3386 campis,
913 3308 1063 3386 pascuis,
1079 3331 1159 3392 pra-

111 3405 167 3482 tis,
185 3405 294 3483 siluiS,
317 3407 489 3470 inmunem
507 3405 552 3469 ad
577 3406 756 3470 fruendum
775 3395 1001 3487 derelinquat.
1055 3407 1160 3473 Prae-

109 3504 218 3570 fatnm
244 3505 411 3588 siquidem
437 3526 496 3570 rus
519 3506 612 3570 omni
638 3506 780 3571 seruitio
797 3512 914 3569 careat
937 3511 1076 3588 praeter
1095 3527 1157 3571 ex·

107 3605 327 3687 peditionem,
362 3606 477 3689 pontis
507 3614 542 3669 et
577 3606 666 3668 arcis
699 3606 884 3670 munimen.
937 3604 1013 3686 Ego
1043 3613 1157 3671 autem

109 3705 321 3769 AElfhelmns
350 3706 438 3769 hanc
468 3705 702 3787 supradictam
732 3712 858 3769 terram
892 3723 983 3786 quae
1011 3715 1158 3770 uocatur

108 3802 356 3887 Cubingcoton,
381 3825 460 3869 cnm
486 3805 644 3870 omnibus
673 3804 717 3867 ad
741 3806 864 3868 serite
893 3805 1156 3886 pertinentibus,

107 3906 172 3970 deo
187 3913 222 3969 et
239 3912 361 3987 sancto
374 3905 511 3970 Albano
529 3924 592 3987 pro
609 3904 842 3986 redemptione
856 3903 1030 3967 animulae
1046 3924 1156 3986 meae,

107 4006 209 4070 sicuti
232 4024 310 4068 eam
332 4005 437 4069 habui
455 4025 476 4068 a
494 4024 586 4085 rege,
605 4023 682 4070 oum
704 4022 873 4067 consensu
899 4022 964 4066 suo
989 4022 1030 4066 ac
1056 4007 1155 4071 testi·

107 4105 222 4169 monio
237 4106 512 4188 optimatumque
537 4102 642 4179 illius,
666 4102 706 4192 in
732 4109 898 4184 perpetua
924 4105 1156 4185 possessione,

155 4222 239 4268 rou.
260 4222 307 4270 vr.
433 4253 440 4265 .
984 4220 1005 4266 n
