2850 4876
186 335 250 399 170
447 349 619 399 casarea
645 348 992 422 aucnosrxorucsu.

186 507 305 572 eodem
338 514 478 572 auctore
513 515 548 571 et
585 514 826 589 recuperatore
862 514 982 571 nostro
1018 506 1239 590 omniumque

187 611 354 672 bonorum
393 607 554 687 largifluo
591 606 711 671 datore
748 605 997 689 perpetualiter
1031 606 1238 686 regnabunt.

184 707 305 771 -Huius
321 708 527 771 inexaustae
544 706 742 770 foelicitatis
764 705 943 769 dulcedine
963 704 1157 769 delectatus
1168 725 1239 788 ego

185 807 366 884 AEttelred,
388 806 633 888 archipotcntis
655 805 710 869 dei
725 805 854 886 pietate
876 805 986 886 regali
1001 803 1111 870 fretus
1126 805 1238 887 digni⁶

185 912 270 983 tate,
287 906 420 969 cuidam
449 925 526 969 meo
548 904 690 969 amabili
711 905 874 987 episcopo
896 905 956 988 qui
978 906 1023 969 ab
1048 904 1134 989 ipsis
1155 923 1240 970 suae

184 1004 363 1070 cunabulis
386 1004 552 1069 infantiae
584 1003 823 1069 Beorhtunold
852 1011 1074 1088 nuncupatur
1103 1005 1237 1069 uocita-

185 1105 288 1182 mine,
312 1105 465 1187 aliquam
491 1105 580 1168 ruris
612 1104 819 1187 particulam
849 1103 962 1187 quinis
983 1103 1240 1182 ,mansiunculis

185 1206 404 1269 aestimatam
420 1206 465 1269 ab
484 1204 620 1281 incolis,
638 1204 701 1267 illo*
714 1204 751 1268 in
771 1205 850 1268 loco
866 1205 925 1268 ubi
940 1202 1103 1268 solicolae
1119 1203 1239 1286 appel-

186 1304 295 1368 latiuo
317 1323 384 1368 usu
410 1304 575 1369 Gildatnn
601 1304 792 1380 nominant,
821 1303 967 1368 libenter
994 1303 1175 1385 impend03
1199 1311 1238 1368 ut

184 1403 312 1468 lrabeat
332 1412 439 1488 atque
463 1403 644 1487 possideat¹
660 1403 823 1486 quamdiu
849 1403 951 1468 buius
973 1403 1123 1468 labentis
1144 1403 1239 1468 uitae

185 1504 304 1585 spacio
321 1505 500 1581 consistat,
521 1509 652 1586 etpost
671 1501 708 1566 ee
726 1494 929 1585 cuicumque
944 1501 1085 1568 libuerit
1098 1503 1238 1567 haeredi

185 1602 372 1668 liberaliter
395 1597 579 1686 relinquat.
632 1602 726 1667 Nam
747 1602 888 1684 qnidam
916 1603 1070 1667 minister
1092 1602 1240 1684 Uulfget

184 1702 322 1784 uulgari
338 1703 450 1767 relatu
467 1703 602 1767 nomine
613 1702 805 1784 praefatam
822 1711 949 1766 terram
963 1702 1150 1785 aliquando
1162 1721 1238 1786 pos·

185 1802 332 1878 sederat,
346 1803 406 1867 sed
423 1803 505 1884 quia
521 1803 668 1866 inimicis
682 1803 776 1883 regis
792 1822 828 1867 se
840 1803 876 1865 in
886 1802 1020 1865 insidiis
1036 1802 1167 1867 socium
1179 1821 1239 1884 cp-

185 1902 341 1984 plicauit,
359 1911 394 1967 et
411 1902 447 1964 in
461 1902 614 1966 facinore
631 1901 802 1965 inficiendi
820 1903 924 1967 etiam
940 1902 1027 1982 legis
1044 1901 1237 1967 satisfactio

185 2003 217 2066 ei
232 2003 375 2078 defecit3
400 2002 478 2066 ideo
492 2001 716 2066 haereditatis
733 2002 891 2065 suberam
907 2002 1044 2084 penitus
1060 2001 1189 2078 amisit,
1203 2009 1240 2066 et

185 2122 229 2166 ex
247 2121 289 2165 ea
303 2102 583 2184 praenominatus
600 2102 783 2184 episcopus
797 2092 1046 2183 praescriptam
1069 2101 1239 2179 pillulam,

184 2221 239 2265 me
260 2203 479 2278 concedente,
496 2201 657 2283 suscepit.
710 2200 856 2264 Maneat
872 2201 980 2282 igitur
1003 2201 1068 2265 hoc
1082 2209 1237 2267 nostrum

184 2302 359 2366 immobile
373 2302 499 2366 donum
516 2309 658 2365 aeterna
672 2299 833 2365 libertate
850 2300 1046 2377 iocundum,
1064 2318 1143 2365 cum
1161 2300 1238 2364 uni·

184 2403 293 2466 versis
303 2421 392 2484 quae
405 2402 471 2465 rite
482 2401 525 2465 ad
538 2399 681 2464 eundem
693 2401 806 2464 locum
819 2400 991 2482 pertinere
1002 2401 1238 2479 dinoscuntur,

185 2508 255 2565 tam
286 2503 322 2564 in
353 2502 488 2582 magnis
519 2520 624 2583 quam
654 2500 690 2564 in
715 2500 859 2564 modicis
886 2501 1001 2577 rebuS,
1028 2501 1064 2564 in
1093 2501 1236 2583 campis,

184 2600 305 2682 pratis,
325 2602 477 2683 pascuis,
497 2601 606 2677 siluis,
624 2601 739 2664 causis
763 2601 874 2664 tribus
891 2600 1058 2682 exceptis,
1076 2600 1237 2666 uidelicet

184 2700 416 2782 expeditione,
444 2700 559 2782 pontis
584 2700 851 2776 constructione,
875 2700 1008 2764 arcisne
1035 2699 1235 2782 munitione.

185 2799 222 2862 si
240 2801 422 2883 quisquam
440 2807 556 2864 autem
573 2807 766 2883 temporum
782 2801 1021 2883 progressibus
1030 2799 1155 2864 fomite
1172 2801 1236 2864 aeli

184 2899 240 2963 uel
273 2901 440 2964 auaritiae
472 2901 624 2964 aestibus
655 2918 822 2964 accensus
849 2918 946 2963 meae
973 2900 1101 2982 regalis
1127 2899 1234 2965 dona·

185 3000 311 3064 tionem
335 3001 518 3083 potestatis
540 3007 601 3064 ant
623 3000 813 3064 inminuere
834 2999 891 3064 uel
908 2998 1165 3081 quoquomodo
1183 3001 1236 3063 in·

184 3107 320 3163 mutare
352 3099 533 3177 studuerit,
564 3099 782 3164 infernalium
813 3098 1040 3182 participetur
1071 3100 1235 3181 parasitis

184 3201 413 3276 tenebrarum,
425 3202 601 3284 perpetuis
610 3220 689 3265 cum
702 3199 842 3264 diabulo
856 3200 998 3282 eiusque
1012 3199 1235 3282 complicibus
1260 3188 1262 3193 ’

184 3320 327 3366 arsurus
353 3300 531 3377 incendiis,
557 3301 624 3364 nisi
647 3301 690 3363 ab
718 3300 783 3364 boo
809 3299 1034 3364 deliramento
1064 3299 1233 3364 desistens

184 3402 392 3483 poenitendo
416 3401 614 3477 cessauerit.
666 3398 747 3462 Hiis
769 3419 848 3463 nam
875 3399 1032 3463 confiniis
1057 3399 1234 3481 praedicta

184 3503 336 3584 cingitur
352 3509 454 3565 terra.
502 3501 620 3564 AErest
634 3498 676 3564 of
688 3490 877 3564 Waiddfine
894 3499 1047 3582 andlang
1063 3519 1180 3581 weges
1196 3489 1234 3564 16

183 3591 250 3666 ban
265 3592 450 3683 grestfine3
477 3587 552 3664 swa
566 3599 717 3679 andlang
730 3602 804 3662 'daes
824 3591 1009 3680 grestsmes
1026 3589 1085 3663 dic
1103 3590 1142 3664 te
1162 3591 1233 3664 ean

183 3720 280 3782 wege
303 3721 348 3766 on
372 3690 612 3782 eastanwyme
632 3697 729 3763 baene
744 3690 830 3774 tfin3
856 3687 930 3764 swa
952 3699 1105 3781 andlang
1120 3718 1234 3780 weges

186 3791 223 3864 to
246 3790 342 3865 ’omre
366 3790 444 3865 dice
466 3800 620 3883 byrnan3
651 3788 726 3864 swa
751 3800 903 3881 andlang
925 3789 984 3863 dic
1008 3800 1114 3864 innon
1139 3797 1235 3864 baene

182 3918 270 3977 aesc;
293 3901 335 3963 of
344 3905 436 3964 tiene
456 3920 545 3964 aesce
566 3900 671 3963 innon
689 3904 782 3964 'dane
799 3900 923 3964 ealdan
941 3888 1066 3979 mfitre3
1092 3899 1134 3963 of
1146 3899 1233 3964 bane

183 3996 308 4062 ealdan
330 3989 435 4064 ms'ere
460 4000 565 4065 innon
588 3997 632 4063 ba
648 4001 780 4078 braece3
803 4000 843 4064 of
863 3986 929 4062 ban
951 4000 1062 4064 braece
1080 4000 1232 4081 andlang

182 4099 283 4162 beces
303 4097 414 4163 ¹innon
445 4090 680 4179 r>6dstubban3
707 4088 783 4163 swa
805 4101 845 4163 of
860 4089 1074 4184 rodstybban
1097 4090 1139 4164 ts),
1157 4100 1231 4165 lod
