2850 4876
458 331 629 381 curares
651 332 992 382 nuenosnxouman.
1193 319 1257 385 179

207 487 407 551 beneficium
424 497 459 553 et
480 492 709 554 reuerentiam
728 493 836 555 nostri
859 491 1078 555 dilectissimi=
1095 491 1252 556 monachi

207 588 342 652 nomine
351 588 474 666 Euich,
484 591 671 654 aecclesiae
682 592 804 654 beatae
815 591 949 654 Mariae
959 591 1103 671 uirginis
1113 596 1148 653 et
1159 592 1252 656 beati

206 685 342 769 ngini
366 689 402 751 in
428 688 624 754 Eouesham
651 695 746 753 1111⁰¹.
773 709 913 753 mansas
940 691 976 752 in
1001 689 1133 753 Badebi
1159 691 1250 754 etin

206 785 418 864 Newaaham,
444 790 481 850 in
508 796 648 854 aeterna
674 788 892 852 concedimus
914 789 1136 864 haereditate,
1163 808 1251 871 qua·

203 886 295 949 tinus
321 888 498 968 praedicta
519 888 687 951 aecclesia
712 888 748 952 in
772 894 948 952 aeternum
974 888 1150 969 possideat
1172 908 1250 952 cum

202 986 361 1049 omnibus
372 987 575 1051 utensilibus
591 987 673 1062 suis,
685 987 829 1069 campis,
844 988 993 1069 pascuis,
1004 988 1126 1070 pratis,
1139 987 1250 1064 siluis,

203 1083 436 1166 deriuatisqne
457 1105 624 1169 aquarum
652 1088 818 1151 cursibus.
871 1085 972 1150 Istud
996 1105 1080 1167 ergo
1107 1086 1247 1162 donum,

201 1184 325 1247 utiam
341 1185 593 1266 praedixeram,
610 1193 750 1250 maneat
775 1187 820 1249 ab
844 1185 936 1249 omni
959 1184 1102 1250 seruitio
1126 1203 1247 1248 saecu·

200 1281 265 1347 lari
280 1283 437 1360 liberum,
453 1292 590 1369 praeter
611 1285 700 1348 arcis
726 1285 910 1359 munimen,
932 1293 967 1347 et
985 1284 1100 1365 pontis
1116 1283 1248 1348 reaedi-

200 1381 406 1460 ficationem,
431 1393 466 1448 et
496 1383 762 1467 expeditionem.
829 1383 1065 1466 Praecipimus
1092 1402 1175 1447 nero
1208 1383 1245 1449 in

200 1482 335 1545 nomine
349 1483 534 1547 saluatoris
550 1492 590 1548 ut
618 1484 648 1546 si
670 1484 707 1547 in
734 1483 952 1566 postmodum
978 1483 1135 1563 quisquis
1156 1481 1245 1547 alios

199 1579 334 1644 libellos
362 1583 554 1664 protulerit,
579 1582 684 1646 nichil
709 1582 846 1647 omnino
873 1589 994 1646 contra
1018 1582 1122 1647 istum
1144 1600 1244 1665 prae·

189 1679 352 1762 ,ualeant
368 1682 428 1746 sed
452 1683 522 1747 sint
546 1681 786 1764 condempnati
811 1688 848 1746 et
870 1681 1126 1746 anatematizati
1148 1681 1243 1747 etad

182 1765 362 1844 ’'nichilum
380 1781 523 1858 redacti,
537 1791 574 1847 et
589 1783 655 1846 iste
669 1801 804 1864 semper
817 1781 936 1844 firmus
952 1780 1154 1861 stabilisque
1169 1800 1244 1863 per-

198 1888 348 1956 maneat,
364 1880 408 1946 ad
424 1881 609 1946 utilitatem
624 1900 662 1944 se
677 1880 896 1963 possidentis.
949 1879 986 1943 Si
1013 1880 1091 1960 quis
1113 1887 1241 1958 autem,

198 1980 300 2043 taetri
314 1979 490 2044 daemonis
504 1980 596 2044 fastu
609 1981 805 2056 instinctus
819 1978 884 2043 hoc
899 1986 1054 2042 nostrum
1067 1978 1242 2047 decretum

196 2077 381 2160 infringere
404 2080 565 2156 uoluerit,
587 2081 634 2144 sit
654 2080 730 2162 ipse
757 2098 778 2142 a
803 2085 944 2142 sanetae
970 2077 1025 2141 dei
1053 2078 1241 2143 aecclesiae

195 2179 369 2243 consortio
396 2185 589 2260 separatus
604 2186 640 2242 et
664 2179 886 2242 infernalibus
910 2176 1129 2243 aeternaliter
1143 2177 1241 2241 flam·

196 2277 356 2341 miscam
384 2278 474 2342 Iuda
498 2278 629 2343 Christi
655 2277 830 2360 proditore
854 2276 1068 2352 cruciandus
1093 2277 1158 2340 nisi
1183 2276 1239 2342 hic

195 2377 289 2458 prius
309 2377 415 2460 digna
432 2378 667 2444 satisfactione
684 2377 892 2460 poenituerit
908 2376 1002 2459 quod
1023 2382 1146 2440 contra
1159 2395 1239 2439 nos·

195 2483 285 2540 trum
315 2477 489 2542 decretum
515 2477 678 2560 deliquid.
745 2475 838 2540 Aeta
864 2483 948 2541 sunt
972 2475 1057 2539 haec
1080 2494 1172 2540 anno
1194 2477 1238 2539 ab

193 2575 430 2641 incarnatione
439 2577 565 2641 domini
579 2583 713 2642 .u.xx⁰.
728 2576 780 2640 his
792 2577 937 2641 testibus
947 2576 1239 2640 consentientibus

194 2694 338 2757 quorum
355 2676 410 2738 hic
423 2676 564 2740 inferius
582 2678 721 2740 nomina
736 2678 895 2741 caraxari
909 2676 1080 2740 uidentur.

243 2774 321 2857 Ego
347 2776 440 2840 cnut
470 2778 577 2840 totius
608 2777 807 2840 Britanniae
832 2796 1014 2840 monarcus
1042 2794 1140 2839 meae
1169 2774 1238 2839 lar-

193 2875 312 2954 gitatis
353 2876 480 2939 donum
519 2877 620 2957 agiae
652 2877 764 2939 crucis
807 2879 845 2956 ›1‹
878 2884 1032 2941 taumate
1067 2875 1238 2940 roborani.

197 2977 236 3057 ›1‹
267 2975 343 3056 Ego
366 2975 521 3056 AElfgiua
545 2977 664 3057 regina
698 2975 921 3039 stabilitatem
946 2976 1134 3039 testimonii
1158 2995 1236 3038 con-

192 3075 338 3138 firmani.
393 3075 432 3155 ›1‹
450 3075 525 3155 Ego
551 3075 726 3140 AEsetnoa
750 3076 1023 3140 Dorobernensis
1049 3075 1237 3140 aecclesiae

191 3174 425 3257 archipraesul
443 3174 614 3258 adquieui.
670 3176 709 3256 ›1‹
735 3174 811 3255 Ego
829 3174 993 3237 Wulstan
1008 3175 1236 3238 Eboracensis

192 3274 379 3339 aecclesiae
405 3274 639 3357 archipraesul
665 3274 878 3354 consignaui.
941 3274 980 3354 ›1‹
1010 3273 1086 3354 Ego
1115 3273 1237 3339 AE’ael-

190 3375 281 3439 ricus
303 3375 485 3457 episcopus
511 3376 547 3438 in
565 3374 700 3438 nomine
714 3372 899 3436 saluatoris
914 3372 1056 3435 iubente
1072 3392 1153 3459 rege
1170 3375 1234 3437 sub

189 3475 385 3540 testimonio
413 3475 618 3556 optimatum
638 3473 727 3537 hanc
747 3472 922 3537 scedulam
945 3470 1134 3535 dictitando
1158 3492 1235 3554 per-

188 3576 336 3639 scribere
352 3575 446 3638 iussi.
504 3577 543 3657 ›1‹
569 3573 645 3655 Ego
667 3571 835 3637 Godwine
857 3573 1039 3655 episcopus
1061 3569 1233 3653 adquieni.

194 3676 233 3757 ᾖ
268 3674 346 3755 Ego
377 3673 569 3739 Brihtwold
605 3674 786 3756 episcopus
817 3672 1016 3754 subscripsi.
1084 3673 1123 3753 ›1‹
1157 3671 1235 3753 Ego

189 3775 339 3857 AElfsige
362 3775 545 3856 episcopus
571 3773 770 3855 astipulaui.
826 3773 868 3857 »Β
888 3773 964 3853 Ego
988 3770 1146 3854 Leofsige
1162 3772 1235 3854 epi·

186 3893 313 3958 scopus
333 3873 556 3938 consolidaui.
613 3873 652 3953 ›1‹
678 3871 754 3954 Ego
779 3873 913 3936 AElmer
935 3872 1117 3953 episcopus
1137 3871 1234 3935 testi-

187 3975 301 4040 ficaui.
368 3974 407 4054 ›1‹
431 3973 507 4053 Ego
536 3970 776 4054 AE5e[l]wyne
810 3972 991 4054 episcopus
1025 3988 1093 4033 non
1125 3971 1233 4035 renui.

192 4074 328 4159 &Ego
349 4072 519 4137 Godwine
534 4072 619 4135 dux.
675 4071 714 4151 ›1‹
739 4070 814 4151 Ego
840 4069 927 4134 Yric
952 4067 1036 4132 dux.
1092 4070 1131 4150 ›1‹
1157 4069 1233 4151 Ego

1060 4169 1104 4212 aa
