2850 4876
371 393 542 443 crrrnrnrr
568 394 915 447 ruocosrxorercrrr.
1124 384 1169 448 55

117 568 176 632 per
196 551 433 617 testimouium
458 550 650 634 Eadgynae
678 551 817 633 reginae
841 559 877 616 et
900 552 1033 617 Odonis
1055 554 1167 619 archi·

113 650 267 733 episcopi
281 657 318 715 et
334 650 465 734 AElfegi
479 651 543 714 lilii
562 650 727 714 AElfstani
744 658 780 714 et
799 651 936 716 AElsricr’
953 652 1074 716 ¹fratris
1089 654 1165 718 eins

113 755 147 812 et
168 750 329 825 AEltnpui
352 752 559 833 cognomina
577 749 669 814 Pilia
691 757 726 814 et
749 749 927 815 Goduuini
947 752 990 816 de
1013 752 1165 817 Fecbam

113 856 145 911 et
161 848 307 914 Eadrici
325 851 369 914 de
396 851 455 915 Ho
477 857 513 915 et
537 850 642 915 AElfsi
666 850 859 933 presbyteri
880 850 927 915 de
948 850 1160 928 Croindene;

113 953 145 1010 et
162 948 305 1013 cuidam
321 949 525 1015 Wnlfstano
545 948 712 1013 dederunt
730 966 805 1014 nx.
821 968 962 1015 mancas
978 952 1056 1015 auri
1073 952 1163 1016 dini-

111 1046 497 1132 derepauperibuapro
510 1048 791 1123 animabussuis3
817 1057 853 1113 et
862 1049 999 1113 cuidam
1010 1050 1162 1116 Wulfsio

111 1147 316 1212 tantundem
337 1140 492 1213 diuidere
515 1166 588 1230 pro.¹
596 1136 777 1213 animabus
794 1138 924 1226 eorum,
943 1155 979 1213 et
994 1168 1073 1213 cnm
1097 1151 1161 1215 dec

110 1253 217 1326 agant
234 1246 398 1312 iudicium
415 1248 481 1312 nisi
500 1246 648 1311 fideliter
668 1247 821 1311 fecennt.
876 1247 950 1329 Ego
968 1248 1160 1313 Brihtricus

109 1362 169 1424 pro
196 1342 255 1408 dei
280 1364 397 1411 amore
422 1366 508 1428 rogo
529 1346 703 1410 dominum
726 1364 838 1411 meum
864 1345 1100 1411 dulcissimum
1121 1357 1161 1413 ut

107 1442 175 1509 ista
188 1451 311 1509 nostra
333 1445 474 1511 donatio
491 1446 703 1511 inuiolabilis
725 1438 940 1528 permaneat,
959 1466 1023 1510 nec
1044 1467 1121 1512 eam
1139 1467 1161 1511 a

104 1542 284 1626 quoquam
318 1545 443 1609 uiolari
467 1543 664 1628 permittat.
726 1545 891 1609 Similiter
924 1565 1088 1627 rogamus
1114 1538 1161 1612 'ct

107 1643 257 1722 petimus
274 1663 394 1710 omnes
411 1645 540 1709 amieos
565 1646 621 1709 dei
629 1634 804 1728 quatinus
817 1645 916 1708 uobis
931 1645 1106 1711 adiutores
1124 1647 1160 1709 in

106 1739 169 1804 bac
204 1760 244 1807 re
279 1745 442 1808 existant.
515 1745 562 1808 Et
600 1743 796 1827 quicunque
832 1763 908 1808 cam
941 1745 1160 1828 aliquatenus

104 1840 247 1905 ¹uiolare·
257 1843 564 1926 praesumpserint,
582 1844 718 1926 abipso
735 1842 873 1908 domino
891 1842 1030 1908 Christo
1047 1845 1159 1909 iudice

103 1947 286 2005 *nannum
314 1945 484 2025 recipiant
512 1942 688 2008 iudicium.
742 1944 788 2006 Et
818 1943 878 2024 qui
905 1962 981 2006 eam
1010 1942 1159 2007 inuiola-

107 2039 207 2102 bilem
231 2045 530 2121 conseruanerint,
556 2043 660 2107 deum
687 2042 752 2106 sibi
775 2043 927 2106 sentiant
949 2041 1056 2106 affore
1081 2062 1158 2125 pro-

108 2138 241 2218 pitinm.

508 2356 763 2423 Mccxulll.

319 2582 321 2587 ¹
449 2506 694 2593 ,EADGAle
716 2507 795 2572 963.
957 2583 962 2591 ¹

158 2640 199 2720 ›1‹
219 2636 356 2702 Auula
379 2639 598 2703 auctoritatis
620 2636 837 2720 agiographa
856 2655 921 2700 nos
935 2636 1158 2701 altibohando

108 2739 308 2802 corrobonat
343 2737 472 2814 dicens,
502 2737 649 2801 ‘Nudus
679 2756 839 2818 egressus
870 2756 947 2799 sum
978 2756 1025 2799 ex
1058 2743 1157 2800 utero

107 2837 226 2901 matris
241 2855 360 2912 imeae,
385 2844 420 2901 et
437 2836 551 2901 nudus
576 2836 731 2901 reuertar
753 2836 872 2910 illu03'
900 2835 1042 2899 ‘Nicbil
1062 2834 1156 2899 intu-

99 2932 262 2999 =llrrrus²in
285 2936 375 3000 hunc
389 2936 566 3012 mundum,
582 2955 704 2999 uerum
726 2956 789 2999 nec
806 2936 850 2999 ab
865 2955 907 2998 eo
924 2935 1058 2998 auferre
1073 2933 1156 3016 quid

107 3034 320 3116 poterimus?
373 3033 597 3118 Quapropter
613 3054 679 3117 ego
696 3034 836 3117 Eadgar
861 3034 973 3099 tocius
992 3035 1158 3117 Bryttan-

100 3135 182 3198 niae
200 3133 366 3211 basileus,
384 3135 558 3218 quandam
579 3133 714 3198 telluris
728 3135 935 3217 particulam
955 3150 1044 3198 .vr11.
1061 3133 1156 3197 uide·

105 3230 184 3297 licet
208 3241 378 3310 cassatos,
394 3234 472 3298 loco
488 3234 547 3317 qui
572 3226 698 3298 celebri
721 3241 767 3298 aet
783 3233 1007 3297 Embresbam
1024 3240 1157 3296 nuncu·

106 3340 209 3413 patnr
227 3333 410 3409 uocabulo,
428 3333 566 3398 domino
582 3340 701 3397 nostro
718 3332 824 3396 Ihesu
840 3330 980 3395 Christo
996 3338 1157 3396 sanctae·

105 3448 171 3512 qne
204 3432 279 3495 eins
306 3423 493 3496 aecclesiae
519 3433 622 3496 beato
645 3431 807 3496 Andreae
837 3429 996 3511 apostolo
1021 3427 1157 3492 dicatae

105 3528 182 3595 loco
205 3531 266 3613 qui
285 3531 412 3595 celebri
438 3543 484 3596 aet
512 3532 640 3596 Meone
666 3537 887 3614 nuncupatur
912 3518 1085 3603 onomate,
1111 3526 1156 3591 ad

107 3647 190 3692 usus
207 3649 386 3717 seruorum
398 3630 547 3695 deiinibi
563 3631 772 3712 degentium,
789 3638 867 3693 cnm
882 3620 1041 3694 omnibus
1056 3616 1155 3689 u'ten·

104 3728 237 3805 silibns,
261 3730 371 3812 pratis
391 3730 563 3807 uidelicet,
584 3731 735 3813 pascuis,
759 3729 868 3805 siluis,
890 3735 1031 3792 aeterna
1051 3725 1156 3804 largi·

107 3834 161 3891 tus
179 3847 257 3890 sum
274 3827 500 3893 haereditate.
553 3828 606 3892 Sit
624 3838 738 3892 autem
760 3826 974 3909 praedictum
988 3842 1048 3886 rus
1063 3823 1156 3885 omni

104 3932 260 3990 terrenae
283 3928 461 3991 seruitutis
482 3928 565 4008 iugo
582 3927 739 4002 liberum,
761 3925 870 3989 tribus
893 3923 1060 4005 exceptis,
1079 3928 1157 3985 rata

105 4026 268 4090 uidelicet
303 4025 535 4108 expeditione,
572 4027 689 4107 pontis
723 4024 858 4088 arcisue
893 4020 1156 4085 restauratione.

105 4125 141 4189 Si
158 4124 238 4208 quis
253 4124 361 4206 igitur
376 4124 465 4189 hanc
479 4131 634 4189 nostram
649 4122 869 4189 donationem
884 4121 919 4184 in
942 4119 1035 4184 aliud
1052 4138 1155 4201 quam
