2850 4876
182 353 247 418 152
449 367 621 416 ennarnu
644 366 987 415 nncuosnxomosr.

187 527 414 591 Eboracensis
454 526 743 609 archiepiscopus
784 512 953 589 AElfunus¹
989 514 1241 589 Londoniensis

187 624 380 711 episcopm,
409 635 444 691 et
472 625 640 691 AElfricus
670 626 790 703 abbaS,
818 632 854 688 et
880 624 1061 688 AEll'redus
1090 624 1177 700 dux,
1205 629 1242 686 et

188 724 397 791 Brihtn'otlus
418 726 502 803 dux,
521 727 556 790 et
583 725 751 790 Eadricus
774 725 857 800 dux,
876 731 911 788 et
931 724 1077 788 AElfsius
1099 730 1243 804 satrapa

187 827 291 907 regis,
308 823 344 890 'et
366 826 479 891 Frena
500 834 641 908 satrapa
655 826 760 907 regis,
780 833 816 888 ct
834 823 1024 905 Hargodus
1047 813 1242 907 presbyter,

188 935 223 988 et
238 923 409 990 AElfricus¹
420 926 596 1002 diaconus,
613 933 648 990 et
662 925 864 991 Wuluricus
882 925 1072 1007 presbyter.

634 1224 802 1291 MCCCI.

520 1375 785 1452 AEDELRED,
812 1376 911 1440 1005.

191 1515 287 1764 ἓ
356 1523 402 1587 Iu
418 1524 554 1588 nomine
567 1525 675 1588 cosmi
692 1525 879 1589 saluatoris
897 1531 932 1588 et
949 1524 1090 1589 humani
1108 1526 1245 1608 generis

305 1623 532 1706 redemptoris
566 1625 672 1688 Ihesu
707 1624 837 1690 Christi
870 1625 998 1689 domini
1030 1627 1154 1702 nostri,
1186 1625 1246 1708 qui

305 1722 401 1787 solus
423 1744 500 1788 cum
519 1731 618 1807 patre
641 1732 676 1789 et
693 1725 816 1808 spiritu
839 1733 961 1789 sancto
983 1744 1128 1806 regnum
1150 1732 1247 1789 tenet

192 1824 395 1889 inmortale!
449 1825 525 1906 Ego
542 1824 719 1901 AEaelred
737 1824 856 1889 diuina
878 1825 1116 1907 dispositione,
1131 1826 1245 1906 gentis

193 1921 410 2005 Angligenae
439 1932 474 1987 et
504 1924 717 1988 diuersarum
750 1926 928 1989 nationum
957 1925 1148 1989 industrius
1172 1944 1247 2000 rex,

194 2025 254 2121 upi
273 2044 349 2087 meo
367 2024 524 2088 ministro
544 2031 744 2108 nuncupato
761 2025 941 2089 uocamine
961 2025 1126 2106 Eadsige,
1143 2044 1246 2089 unam

193 2144 349 2189 mansam
366 2124 614 2207 perpetualiter
631 2122 782 2189 concedo
798 2125 833 2188 in
851 2124 911 2189 illo
927 2125 1003 2188 loco
1018 2124 1077 2189 ubi
1095 2123 1247 2206 Angliea

196 2225 428 2308 appellatione
465 2224 591 2289 dicitur
628 2231 675 2289 aet
713 2224 847 2303 Flecte,
880 2245 944 2307 pro
977 2226 1051 2289 eius
1083 2223 1246 2307 placabili

195 2327 341 2406 praetio,
369 2325 482 2388 idest
510 2342 552 2388 .c.
580 2344 764 2389 mancusas
792 2325 829 2388 in
853 2343 938 2389 auro
963 2325 1168 2408 purissimo:
1203 2316 1247 2389 en

196 2426 231 2488 in
265 2445 328 2488 suo
359 2426 476 2488 uiuere
511 2444 588 2488 cum
621 2425 852 2508 prosperitate
881 2444 1014 2507 semper
1047 2425 1151 2489 istum
1186 2444 1247 2489 ex·

196 2525 311 2588 eninm
337 2525 501 2603 obtineat,
520 2530 554 2587 et
577 2532 657 2606 post
680 2543 718 2588 se
740 2545 816 2590 cum
840 2532 1007 2609 perpetuo
1031 2524 1247 2609 cyrographo

198 2624 255 2688 cui
269 2623 419 2688 uoluerit
434 2623 655 2687 aeternaliter
669 2624 896 2707 derelinquat.
948 2624 1002 2689 Sit
1016 2633 1131 2690 autern
1149 2644 1248 2708 prae·

197 2723 327 2787 dictum
349 2742 408 2787 rus
429 2723 573 2786 liberum
593 2725 638 2787 ab
660 2726 754 2788 omni
775 2725 943 2788 mundiali
962 2725 1154 2803 obstaculo,
1171 2744 1247 2790 cum

198 2825 356 2887 omnibus
374 2842 463 2906 quae
480 2823 523 2887 ad
544 2824 657 2905 ipsum
679 2824 792 2889 locum
815 2826 987 2908 pertinere
1011 2826 1249 2903 dinoscuntur,

199 2929 269 2986 tam
284 2925 320 2986 in
333 2924 469 3005 magnis
482 2943 586 3006 quam
599 2924 635 2988 in
649 2923 799 2989 minimis
815 2926 929 3002 rebem,
940 2926 1084 3008 campis,
1097 2925 1249 3009 pascuis,

198 3023 321 3104 pratis,
334 3023 443 3099 siluiS,
457 3024 530 3087 sine
542 3024 762 3107 expeditione
776 3032 810 3089 et
824 3020 940 3108 pontis
954 3025 1089 3090 arcisue
1101 3025 1249 3090 instruc·

199 3123 301 3189 tione.
352 3122 389 3185 Si
412 3124 489 3205 quis
511 3143 607 3202 uero,
624 3126 806 3209 tyrannica
828 3125 970 3189 indatus
992 3132 1179 3208 potestate,
1197 3127 1249 3189 in·

199 3222 347 3304 fringere
362 3225 584 3307 temptauerit
597 3224 699 3290 huius
713 3226 822 3290 nostri
840 3225 969 3289 decreti
984 3218 1249 3309 cyrographum,

201 3324 290 3386 sciat
319 3343 356 3387 se
383 3342 498 3387 coram
530 3323 669 3389 Christo
693 3333 729 3390 et
755 3326 888 3407 angelis
916 3327 989 3389 eius
1014 3327 1049 3390 in
1075 3326 1249 3391 tremendo

201 3425 360 3488 examine
377 3425 545 3488 rationem
561 3424 784 3502 redditurum,
802 3427 868 3488 nisi
885 3425 941 3490 hic
956 3425 1052 3509 prius
1070 3426 1252 3490 emendare

201 3526 379 3605 satagerit.
432 3524 516 3589 Istis
554 3525 709 3588 terminis
742 3525 893 3589 ambitur
926 3526 1104 3609 praedicta
1135 3515 1251 3591 tellus.

205 3623 270 3688 Dis
292 3623 427 3706 syndon
449 3613 543 3687 affere
567 3613 652 3688 anre
672 3623 776 3706 higde
799 3614 1032 3707 landgemffiro
1053 3617 1092 3690 t6
1119 3616 1251 3691 Fleb'te.

206 3723 323 3788 AErest
349 3716 398 3805 sip
425 3723 465 3786 os
485 3711 581 3786 aare
609 3712 658 3787 sa
683 3745 727 3788 on
752 3727 958 3808 scypcumb3
986 3719 1036 3808 sip
1065 3731 1181 3791 boone
1207 3746 1251 3791 on

203 3824 389 3915 scypcumb
415 3842 460 3885 on
479 3829 580 3887 ttaene
606 3824 797 3906 bydelaecer
820 3816 1088 3905 sfitleweardn03
1113 3826 1154 3891 of
1169 3814 1251 3890 tiam

202 3921 414 4003 hydelaecere
429 3915 479 4006 up
495 3943 541 3986 on
557 3929 629 3988 ’dcet
646 3913 732 3989 stad
749 3926 790 3988 be
810 3916 926 3990 sfi'dan
944 3914 1193 4008 Dyrnanleage
1209 3946 1253 3991 on

206 4020 337 4099 gerihte
365 4013 402 4086 to
430 4023 655 4104 Berhamme;
687 4017 737 4107 up
763 4030 877 4089 bonne
904 4046 947 4089 on
977 4026 1125 4090 Berham
1148 4017 1253 4090 εὗδο-

206 4120 364 4184 weardne
386 4141 431 4185 on
451 4128 550 4188 aaene
568 4124 763 4206 hricgweg3
788 4125 828 4189 of
844 4115 927 4190 aaut
951 4127 1147 4208 hricgwege
1170 4128 1254 4191 nor’d
