2850 4876
445 373 619 425 casuras
643 373 990 425 nnowsnxomchn.
1183 362 1248 425 119

543 629 889 697 nccnxxxlll.

527 778 792 859 AEDELRED,
822 778 900 844 985.

242 930 283 1009 ’1⁴
304 927 385 993 Pnn
409 928 563 994 diuinam
584 928 850 1012 omnipatrantis
872 928 1031 1012 sophiam
1052 928 1240 997 elemento·

189 1047 263 1092 rum
287 1028 441 1093 omnium
462 1028 717 1095 rationabiliter
733 1035 871 1095 constat
893 1028 978 1095 ordo
997 1047 1073 1093 esse
1094 1029 1241 1113 disposi-

190 1133 257 1206 tns,
291 1148 333 1193 ac
358 1128 597 1212 protoplastus
624 1128 811 1210 terrigena,
835 1147 1045 1212 quamquam
1073 1130 1240 1210 puluerco

187 1227 364 1292 confectus
376 1229 529 1311 tegmine
543 1227 689 1294 somatis
701 1227 798 1306 exili,
814 1235 969 1295 attamen
985 1228 1239 1311 speciosissimo

187 1328 311 1392 mentis
325 1329 460 1393 ratione
476 1328 622 1393 caeteris
638 1328 847 1412 praefectus,
862 1328 906 1392 nd
924 1335 996 1393 tarn
1013 1328 1135 1394 miram
1150 1337 1237 1394 tam-

186 1446 255 1510 quo
265 1428 488 1511 perspicuam
502 1429 677 1495 theoricae
691 1427 992 1512 contemplationis
1007 1436 1107 1494 extat
1120 1449 1238 1495 amoe-

186 1524 333 1592 nitatem
345 1529 569 1612 compositus,
586 1536 626 1593 ut
640 1549 702 1612 per
718 1527 861 1593 huiusce
870 1528 1094 1611 asperitatem
1105 1529 1237 1597 incola·

186 1628 433 1710 tus,qua'1ndiu
449 1628 598 1694 labentis
615 1629 694 1694 aeui
708 1628 834 1711 pelago
850 1628 967 1693 carnis
981 1627 1084 1693 lintre
1096 1627 1237 1695 Christo

186 1729 318 1810 remige
342 1724 559 1811 nauigamus,
584 1729 787 1812 probrosam
808 1728 1043 1812 philargyriae
1064 1730 1236 1795 sentinam

185 1835 403 1905 execrantes,
431 1829 641 1911 inopumque
670 1827 848 1911 penuriam
875 1829 1044 1893 bonorum
1071 1829 1239 1902 diatriba<

185 1926 285 1993 tione¹
307 1935 503 1993 nostrorum
526 1928 783 2010 refrigerantes,
807 1947 850 1994 ac
876 1928 994 2010 probis
1015 1928 1236 2011 pedetentim

186 2028 381 2093 actionibus
403 2028 628 2111 sequipedam
650 2027 807 2093 iusticias
829 2027 1003 2095 tramitem
1025 2027 1234 2108 incedentes,

184 2126 287 2192 deurn'
302 2127 445 2194 deornm
465 2129 502 2192 in
518 2124 602 2193 Sion
619 2147 811 2193 mereamus
828 2127 1045 2210 specietenus
1062 2127 1236 2209 speculari

183 2227 337 2306 coelesti,
369 2229 546 2311 tantisque
568 2229 730 2310 gnauiter
752 2227 882 2311 perfrui
914 2227 1011 2309 digni
1043 2227 1233 2293 habeamur

185 2327 322 2410 gaudiis
359 2327 563 2412 Olympicae
600 2329 829 2396 amoenitatis.
895 2325 1130 2406 Quamobrem
1167 2347 1233 2409 ego

185 2427 403 2506 AEaelredus,
414 2428 543 2494 Christi
552 2428 691 2493 fauente
699 2426 1008 2504 clementia,totius
1018 2427 1235 2494 Brittanniae

184 2529 277 2594 orbis
290 2528 451 2607 basileos,
466 2529 602 2594 cuidam
625 2529 710 2592 mihi
730 2528 856 2594 dilecto
871 2527 1028 2593 ministro
1043 2527 1235 2609 Leofwino,

183 2628 359 2712 quandam
374 2629 507 2694 telluris
528 2629 733 2712 particulam
754 2644 805 2694 .x.
830 2626 991 2693 uidelicet
1007 2635 1174 2705 cassatos,
1196 2629 1233 2694 in

184 2728 261 2794 loco
276 2728 338 2812 qui
354 2727 504 2812 Angliea
524 2728 755 2812 appellatione
775 2727 902 2793 dieitur
923 2735 970 2793 aet
990 2728 1172 2805 Wuttune,
1196 2729 1232 2793 in

183 2836 359 2894 aeternam
391 2829 542 2894 concedo
571 2829 830 2904 haereditatem,
859 2834 1029 2911 qnatenus
1057 2827 1116 2901 ille
1144 2829 1232 2894 bene

183 2929 381 3011 perfruatur
401 2949 444 2995 ac
471 2928 716 3012 perpetualiter
741 2925 929 3012 possideat,
954 2929 1045 2994 dum'
1059 2927 1160 2992 huius
1183 2928 1233 2993 la-.

184 3029 297 3094 hentis
326 3030 404 3094 aeui
435 3048 572 3093 cursum
605 3035 760 3094 transeat
788 3027 953 3105 inlaesus,
983 3036 1089 3111 atque
1114 3027 1232 3095 uitalis

183 3130 326 3212 spiritus
342 3130 379 3193 in
395 3129 609 3212 corruptibili
623 3148 727 3193 carne
740 3128 940 3202 inhaereat;
965 3135 1001 3192 et
1015 3135 1095 3211 post
1107 3147 1145 3192 se
1161 3129 1230 3197 cui-

184 3247 332 3312 cumque
346 3228 496 3295 uoluerit
511 3230 705 3312 perenniter
724 3227 864 3293 haeredi
883 3226 1109 3310 derelinquat,
1128 3227 1230 3295 sicuti

182 3329 429 3410 praediximus,
454 3329 491 3393 in
520 3336 696 3394 aeternam
725 3325 984 3393 haereditatem.
1038 3326 1091 3390 Sit
1115 3334 1230 3393 autem

182 3428 396 3510 praedictum
412 3448 472 3493 rus
492 3429 637 3494 liberum
664 3430 708 3493 ab
730 3427 823 3494 omni
845 3425 1011 3491 mundiali
1037 3425 1229 3506 obstaculo,

183 3547 261 3592 cum
277 3529 435 3593 omnibns
450 3549 539 3612 quae
554 3529 598 3593 ad
611 3529 727 3612 ipsum
740 3529 853 3594 locum
869 3527 1040 3611 pertinere
1050 3524 1230 3590 dinoscun-

184 3635 251 3704 tur,
276 3629 405 3693 tamin
432 3630 569 3712 magnis
590 3648 694 3712 quam
719 3629 756 3692 in
778 3628 923 3696 modicis
947 3627 1062 3701 rebus,
1088 3627 1230 3708 campis,

184 3728 331 3810 pascuis,
359 3730 481 3811 pratis,
507 3729 617 3805 siluis,
644 3727 908 3810 diriuatinisque
938 3727 1095 3792 cursibus
1121 3745 1230 3808 aqua·

182 3847 271 3904 rum,
299 3836 446 3911 excepto
468 3830 546 3894 istis
573 3829 697 3904 tribus,
722 3826 953 3909 expeditione,
983 3826 1096 3910 pontis
1124 3825 1229 3890 arcis·

182 3946 226 3992 ne
255 3927 547 3993 coaedificatione.
621 3925 658 3990 Si
684 3933 814 4000 autem,
841 3926 934 4007 quod
959 3946 1028 3991 non
1057 3932 1230 4008 optamus,

183 4028 336 4093 euenerit
356 4027 480 4110 aliquis
495 4026 677 4111 superbiae
691 4025 777 4089 flatu
794 4024 943 4102 afflatus,
960 4025 1128 4091 auaritiae
1145 4025 1229 4090 faei-

182 4127 246 4193 bus
273 4147 470 4204 succensus,
494 4126 647 4194 inuidiae
666 4124 826 4191 dentibus
843 4131 1009 4200 armatus,
1026 4123 1115 4191 hanc
1132 4142 1229 4190 meae
