2850 4876
446 371 619 422 curasan
641 373 989 423 rucnosnxomcnn.
1174 358 1240 425 173

187 528 294 607 diens,
316 548 426 594 senex
447 539 484 596 et
505 531 627 615 plenus
641 531 773 597 dierum
788 533 953 614 migrauit
975 534 1018 598 ed
1037 533 1233 610 dominum3

186 629 275 712 quod
298 629 462 697 uidelicet
484 651 603 696 omnes
623 634 804 715 utriusque
826 634 957 698 ordinis
980 634 1167 717 optimates
1189 634 1234 698 ad

187 731 284 809 regni
317 732 553 812 gubernacula
584 733 796 797 moderanda
828 733 970 797 fratrem
1000 754 1114 800 meum
1145 734 1239 798 Ead-

186 829 357 893 uuardum
393 832 602 896 unanimiter
631 833 821 915 elegerunt,
859 834 1010 916 mihique
1048 840 1158 898 terras
1192 833 1236 898 ad

183 929 298 1009 regios
315 931 526 1012 pertinentes
542 932 630 996 filios
645 933 680 996 in
694 952 789 996 meos
802 952 886 997 usus
901 934 1126 999 tradiderunt.
1179 933 1236 998 Ex

184 1029 310 1110 quibus
336 1030 468 1094 scilicet
490 1032 591 1096 terris
613 1033 781 1114 quasdam
807 1040 908 1116 pater
928 1053 1025 1096 meus
1049 1033 1131 1098 dum
1158 1052 1236 1115 reg·

185 1136 283 1194 naret
307 1131 534 1212 omnipotenti
566 1131 707 1196 Christo
736 1133 878 1215 eiusque
908 1133 1067 1214 genitrici
1096 1141 1238 1198 sanctae

187 1228 322 1294 Mariae
344 1228 386 1293 ad
410 1230 656 1296 monasterium
680 1231 772 1314 quod
796 1231 994 1296 Abbandun
1018 1241 1239 1316 nuncupatur

185 1346 246 1411 pro
263 1328 500 1413 redemptione
516 1332 652 1396 animae
667 1350 752 1396 suae
768 1331 948 1408 concessit,
972 1331 1037 1397 hoc
1058 1340 1111 1397 est
1128 1332 1237 1397 Bede-

185 1429 313 1494 nuinde
334 1449 412 1495 cum
435 1431 593 1496 omnibus
615 1431 658 1495 ad
681 1450 718 1495 se
740 1432 1002 1513 pertinentibus,
1018 1432 1237 1498 Hissebuma

186 1548 263 1600 cum
284 1529 457 1594 uniuersis
482 1531 554 1595 suis
580 1531 837 1614 appendicibus,
865 1531 1025 1596 Burhbec
1049 1552 1237 1615 omnesque

186 1620 249 1693 sibi
263 1628 463 1694 adiacentes
477 1630 645 1696 redditus.
680 1630 781 1709 Quae
798 1632 915 1695 statim
931 1638 1045 1696 terrae
1060 1633 1163 1698 iuxta
1178 1633 1237 1698 de·

185 1737 316 1794 cretum
329 1736 365 1794 et
374 1731 650 1814 praeceptionem
661 1736 859 1794 cunctorum
870 1730 1074 1814 optimatum
1085 1732 1128 1797 de
1139 1752 1239 1815 prae-

186 1829 258 1894 lato
291 1837 414 1894 sancto
441 1831 606 1895 coenobio
634 1830 803 1894 uiolenter
832 1832 1041 1909 abstractae,
1072 1852 1238 1916 meaeque

186 1929 308 1994 ditioni
336 1930 467 1994 hisdem
492 1930 785 2013 praecipientibus
808 1937 891 1994 sunt
918 1932 1102 2007 subactae3
1132 1952 1237 2014 quam

187 2050 257 2094 rem
281 2029 311 2094 si
336 2029 426 2094 iuste
452 2038 513 2095 aut
536 2030 663 2095 iniuste
685 2029 827 2095 fecerint
848 2030 914 2112 ipsi
933 2030 1056 2095 sciant.
1102 2031 1238 2096 Deinde

188 2149 266 2194 cum
279 2130 387 2195 frater
396 2149 493 2194 meus
503 2130 569 2194 hoc
578 2148 843 2213 aerumpnosum
853 2129 1004 2194 deseruit
1016 2131 1191 2194 saeculum
1202 2142 1238 2197 et

187 2230 251 2295 sibi
269 2229 371 2295 adeo
386 2231 678 2313 praedestinatum
696 2231 849 2313 percepit
862 2230 1125 2294 interminabilis
1142 2231 1238 2296 uitae

187 2330 465 2408 emolumentum,
481 2350 546 2412 ego
562 2337 735 2394 annuente
746 2329 885 2394 Christo
901 2337 936 2394 et
951 2329 1119 2410 regalium
1135 2331 1238 2396 simul

188 2430 279 2495 etad
295 2431 409 2512 regios
427 2431 515 2494 lilios
533 2431 776 2514 pertinentium
792 2438 960 2495 terrarum
976 2431 1112 2512 suscepi
1126 2430 1236 2495 domi-

188 2530 293 2595 nium.
346 2529 451 2596 Nunc
473 2538 589 2594 autem
604 2531 687 2613 quia
701 2530 785 2595 mihi
802 2530 939 2595 uidetur
954 2549 1029 2594 esse
1046 2530 1148 2594 ualde
1165 2551 1236 2596 mo·

186 2629 311 2694 lestum
343 2631 452 2713 patris
481 2631 548 2695 mci
578 2631 752 2694 insumere
777 2639 812 2695 et
841 2638 982 2713 portare
1003 2631 1236 2710 maledictum,

186 2730 365 2795 retinendo
380 2731 445 2795 hoc
462 2730 554 2813 quod
569 2730 645 2812 ipse
666 2749 828 2813 prosuae
851 2732 987 2795 animae
1004 2730 1238 2813 redemptione

187 2829 252 2894 deo
285 2831 433 2904 contulit
456 2830 646 2908 donarium,
681 2838 717 2895 et
750 2832 832 2914 quia
866 2831 979 2913 gratia
1014 2831 1069 2895 dei
1105 2851 1160 2895 me
1193 2833 1238 2896 ad

186 2929 434 3013 intelligibilem
459 2930 645 3013 perducere
667 2930 811 3012 dignata
835 2939 888 2996 est
903 2938 1064 3009 aetatem,
1085 2931 1237 3014 mihique

188 3050 248 3112 per
262 3050 416 3094 meorum
430 3031 636 3113 optimatum
650 3029 789 3095 decreta
806 3029 999 3096 affluentem
1014 3039 1049 3096 et
1062 3033 1237 3114 copiosam

187 3136 357 3194 terrarum
376 3130 503 3211 largita
517 3137 571 3194 est
593 3131 797 3213 portionem,
823 3130 947 3194 iccirco
963 3138 998 3195 et
1017 3151 1083 3213 ego
1098 3151 1143 3195 ex
1159 3153 1237 3198 mea

189 3231 330 3313 propria
365 3229 576 3311 haepeditate
613 3229 805 3312 praefatum
843 3237 1000 3294 sanctum
1034 3232 1237 3297 coenobium

189 3350 328 3394 munere
353 3349 508 3411 congruo
530 3330 699 3394 honorare
724 3337 759 3395 et
785 3337 956 3412 oportuna
984 3330 1237 3411 possessionum
1292 3364 1294 3369 s

187 3431 371 3514 largitione
382 3429 492 3494 ditare
507 3430 670 3512 disp0n0;
690 3431 838 3512 primum
849 3449 912 3513 pro
928 3428 983 3493 dei
995 3429 1238 3510 omnipotentis

189 3532 330 3613 eiusque
352 3537 496 3594 sanctae
514 3530 689 3612 genitricis
704 3549 831 3607 amore,
850 3538 889 3594 ut
913 3529 991 3613 ipsa
1015 3547 1078 3611 pro
1101 3549 1156 3594 mo
1177 3531 1237 3614 pia

188 3631 418 3695 interuentrix
435 3649 511 3694 esse
527 3629 688 3711 dignetur
705 3629 749 3695 ad
764 3629 940 3694 dominum
952 3630 1054 3694 deum
1069 3635 1237 3709 nostrum,

188 3730 309 3795 deinde
334 3750 397 3813 pro
424 3731 559 3793 animae
583 3730 747 3810 genitoris
777 3732 842 3794 mei
861 3730 1057 3805 dilectione,
1073 3747 1237 3812 meaeque

189 3831 347 3914 propriae
371 3830 505 3893 animae
527 3836 668 3893 aeterna
694 3829 936 3912 redemptione,
960 3847 1093 3893 necnon
1118 3836 1153 3893 et
1175 3850 1238 3913 pro

189 3949 343 3995 meorum
374 3948 482 3993 causa
508 3928 691 3993 liberorum
720 3929 780 4011 qui
810 3929 947 3993 easdem
974 3927 1149 4010 praefatas
1173 3930 1239 3997 sibi

188 4030 362 4095 attrahere
397 4047 550 4111 suaeque
583 4027 705 4090 ditioni
733 4029 888 4108 cogitant
921 4026 1088 4093 subiicere
1118 4035 1238 4096 terras.

189 4129 342 4195 Nomina
375 4148 459 4193 uero
492 4134 659 4192 terrarum
693 4145 783 4210 quas
817 4127 862 4191 ad
896 4126 1090 4210 praefatum
1122 4129 1241 4195 libenti
