2850 4876
182 349 249 413 204
441 365 614 414 curario
642 363 990 415 auonosnxourcnn.

184 525 252 605 fige
268 529 331 588 ’Sat
354 541 431 587 man
446 529 562 588 ’Senon
581 514 669 591 fitdo
686 515 779 605 a'enig
792 513 875 588 bera
890 524 992 609 binga
1007 528 1082 588 haes
1097 527 1143 587 tte
1161 512 1239 587 δῶν

184 624 272 687 undr
292 622 333 687 be
355 613 558 708 togcbyrab,
578 613 653 688 swa
672 612 745 688 swa
762 625 805 688 he
826 624 918 688 wille
935 614 1024 688 be6n
1039 623 1110 687 wi'd
1133 621 1236 687 Godd

112 780 116 786 .
185 725 359 806 geborgen
374 723 440 787 and
458 732 559 788 sanct
574 724 749 789 Iohannes
764 724 830 788 and
849 724 958 789 eallra
974 712 1068 788 baara
1086 709 1237 804 halgena

183 830 229 889 tte
251 815 314 889 seo
335 815 451 906 halige
467 831 580 908 stowy
594 825 624 888 is
644 813 913 906 foregehalgod3
936 824 1004 888 and
1020 823 1053 886 ic
1070 822 1162 887 wille
1178 820 1239 887 bat

182 912 259 988 itaer
285 915 368 989 {esre
393 914 459 988 bed
483 924 683 1006 mynsterlif
704 925 771 988 and
798 925 970 1007 samming
994 922 1037 988 ba
1061 913 1167 988 hwile
1192 928 1237 988 he

188 1015 280 1107 &aig
294 1044 399 1088 mann
413 1023 532 1090 leofab.

648 1161 768 1172 —--..-..-

569 1281 848 1385 Mcccxniv.

558 1422 861 1535 nlnwnann.

239 1621 282 1705 ›1‹
301 1619 448 1684 Sauara
470 1637 532 1683 nos
555 1619 805 1684 catholicorum
829 1625 968 1703 patrum
990 1640 1051 1704 per
1067 1640 1156 1702 quos
1181 1621 1236 1686 dei

186 1721 328 1802 spiritus
350 1727 403 1784 est
425 1720 563 1784 locutus
590 1719 776 1783 admonent
798 1721 1002 1802 scripturae,
1025 1727 1064 1784 ut
1088 1722 1235 1804 despici·

186 1829 283 1886 entes
299 1829 435 1886 terrena
451 1821 733 1903 concupiscamus
747 1819 930 1895 coelestia;
954 1820 1034 1883 dum
1054 1828 1235 1886 transeun-

189 1922 235 1986 tis
250 1921 379 1985 saeculi
393 1920 595 1985 uicissitndo
608 1940 670 2003 per
686 1919 815 1983 dierum
830 1920 1041 1984 incrementa
1053 1922 1236 1986 crescendo

186 2021 354 2085 decrescit
381 2028 416 2085 et
443 2021 640 2102 ampliando
666 2020 841 2098 minuitur,
865 2027 900 2084 et
928 2021 976 2083 nil
999 2021 1136 2103 penitus
1159 2041 1237 2104 pro-

186 2122 287 2185 desse
321 2121 449 2184 homini
486 2120 613 2184 lucrari
646 2120 810 2183 mundum
843 2120 910 2184 nisi
943 2140 1005 2203 per
1033 2122 1238 2204 temporalia

188 2221 452 2286 commutauerit
480 2229 633 2298 aeterna,
659 2240 765 2303 quum
795 2221 892 2285 uelut
924 2221 1046 2285 umbra
1073 2239 1237 2304 praesens

187 2328 408 2405 computatur
437 2322 513 2386 uita
544 2323 588 2385 ad
616 2321 765 2385 suturam
792 2340 881 2403 qnae
912 2320 948 2383 in
978 2321 1077 2385 nohis
1107 2321 1237 2386 reuela-

187 2423 280 2486 bitur
311 2422 468 2503 gloriam.
532 2419 754 2503 Quapropter
785 2441 852 2502 ego
886 2420 1113 2500 Eadwardus‚
1146 2422 1237 2504 regis

190 2541 311 2603 regum
337 2522 394 2585 dei
419 2520 744 2604 praedestinatione,
768 2518 960 2602 Anglorum
983 2540 1046 2585 rex
1072 2529 1108 2585 et
1129 2521 1237 2585 domi·

187 2623 283 2685 nium
320 2621 462 2699 habens,
502 2620 627 2686 dilecto
666 2620 749 2684 mihi
784 2620 1043 2704 archiepiscopo
1083 2620 1238 2685 Eadnino

189 2720 361 2804 quandam
386 2720 609 2785 haereditatis
637 2740 733 2784 meae
758 2720 885 2784 tradidi
910 2727 1044 2803 partem
1069 2721 1104 2785 in
1132 2719 1237 2804 plaga

189 2820 359 2897 orientali,
390 2828 516 2884 terram
548 2821 709 2886 uidelicet
740 2819 845 2884 unius
876 2821 983 2885 aratri
1017 2821 1074 2885 cui
1105 2821 1240 2887 incolae

188 2921 339 2985 eiusdem
367 2921 566 3003 prouinciae
591 2941 656 2985 usu
682 2921 824 3004 antiquo
849 2920 1087 3004 Lytleburnan
1114 2941 1237 2988 nomen

189 3020 395 3097 indiderunt,
415 3027 454 3084 ut
477 3019 604 3085 haheat
627 3028 662 3085 et
685 3021 860 3104 possideat
885 3040 926 3086 ac
948 3020 1136 3085 secundum
1161 3041 1238 3104 pro-

190 3121 303 3205 prium
331 3120 465 3184 libitum
495 3120 663 3185 habeatur
692 3128 727 3185 et
758 3119 913 3196 fruatur3
949 3127 1098 3204 postque
1129 3121 1238 3205 ipsius

191 3221 282 3285 uitae
301 3220 490 3284 discessum
510 3221 566 3284 cui
586 3221 652 3284 sihi
669 3219 838 3302 placuerit
857 3221 995 3285 haeredi
1018 3220 1054 3284 in
1073 3220 1240 3305 perhenni

189 3321 404 3406 possessione
430 3321 658 3403 derelinquat.
720 3319 773 3384 Sit
802 3321 906 3386 etiam
931 3322 1049 3385 eadem
1075 3328 1169 3386 terra
1196 3323 1240 3386 ab

187 3423 280 3487 omni
314 3421 491 3488 seruitutis
524 3420 702 3485 obstaculo
740 3420 861 3498 libera,
894 3428 1040 3504 excepto
1073 3421 1167 3505 quod
1201 3423 1237 3486 in

190 3522 299 3603 regali
319 3528 440 3586 contra
463 3520 580 3585 hostes
602 3520 832 3603 expeditione,
850 3520 907 3585 uel
926 3521 1041 3605 pontis
1062 3529 1240 3587 construc-

190 3623 295 3699 tione,
324 3641 386 3686 seu
413 3621 450 3684 in
474 3622 564 3685 arcis
591 3619 880 3699 reaedificatione,
906 3620 1069 3685 exhibeat
1098 3621 1238 3705 supple-

191 3729 354 3787 mentum.
408 3721 446 3784 Si
476 3722 554 3803 quis
584 3727 712 3798 autem,
728 3721 821 3804 quod
851 3722 954 3797 absit,
971 3717 1101 3786 uesana
1127 3730 1240 3787 monte

191 3822 354 3898 tumidus,
385 3821 465 3885 huic
505 3829 643 3886 nostrae
681 3821 857 3885 donationi
887 3821 1058 3886 emulator
1086 3823 1240 3888 existens

190 3942 266 3986 eam
283 3921 468 4004 infringere
483 3921 716 4004 temptauerit,
732 3921 1004 4004 multiplicentur
1015 3922 1051 3985 in
1065 3941 1107 3986 eo
1123 3941 1241 3988 omnes

191 4023 315 4104 plagae
344 4040 431 4103 quas
465 4023 625 4086 dominus
649 4021 770 4086 ⁴intulit
805 4021 968 4104 Egiptiis,
998 4041 1039 4087 ac
1067 4023 1241 4106 perpetuis

190 4119 380 4186 subiciatur
403 4122 711 4199 maledictionibus
728 4121 793 4185 nisi
811 4123 989 4203 poenitens
1008 4122 1189 4206 resipiscat
1207 4129 1242 4188 et
