2850 4876
450 320 625 389 ouuarnu
650 341 997 390 nucmsnxcurcna.
1194 324 1260 388 193

185 498 307 564 clesia
329 499 482 564 alienare
498 501 695 577 tentauorit,
711 499 882 566 alienetur
896 501 955 564 ille
973 502 1007 564 in
1026 500 1081 564 die
1103 499 1220 564 iudicii
1237 520 1259 565 a

182 599 330 677 gaudio
355 601 509 680 coelesti,
541 611 575 667 et
604 620 736 686 poenas
763 600 887 665 inferni
921 620 998 666 cum
1031 601 1258 666 daemonibus

183 699 380 765 sortiatur.

667 798 785 811 ξ

578 916 875 983 ΜΟΟΟΧΧΧΙ.

562 1056 895 1124 HARDACNUT.

256 1197 297 1277 ›1‹
320 1195 558 1263 Hnnnncnur
583 1219 644 1264 rex
663 1199 858 1281 AEgelwino
875 1206 911 1264 et
928 1199 1088 1263 omnibus
1106 1201 1257 1282 burgen-

193 1295 296 1358 sibus
319 1297 361 1360 de
390 1293 555 1374 Tedford,
582 1298 739 1364 salutem.
793 1298 925 1364 Notum
955 1299 1057 1363 uobis
1089 1300 1135 1364 sit
1164 1302 1255 1382 quod

198 1413 268 1476 ego
286 1397 366 1460 uolo
384 1404 419 1462 et
435 1399 610 1481 praecipio
628 1406 667 1464 ut
683 1399 791 1464 abbas
804 1399 1031 1464 AEoelstanus
1050 1399 1093 1462 de
1109 1399 1256 1464 Rames-

199 1494 257 1557 eia
279 1493 404 1561 habeat
429 1517 583 1563 mansum
606 1519 706 1563 suum
728 1500 763 1563 in
786 1499 938 1563 Tedford
961 1498 1011 1563 ita
1029 1499 1132 1581 plane
1148 1509 1183 1565 et
1205 1502 1256 1567 ita

200 1593 307 1658 libere
323 1596 414 1662 sicut
429 1597 550 1664 habuit
565 1599 601 1664 in
619 1599 739 1664 diebus
755 1599 927 1666 Cnutonis
944 1599 1035 1681 regis
1052 1600 1160 1683 patris
1175 1602 1255 1667 mei.

666 1798 786 1809 —.-—-

568 1914 887 2010 Mcccxxxss.

240 2132 243 2137 ,
516 2037 817 2144 unewanno,
840 2065 937 2130 1042.

207 2185 304 2440 ἓ
333 2197 377 2261 ΙΝ
400 2199 536 2262 nomine
556 2199 686 2263 domini
707 2200 817 2264 nostri
842 2198 948 2263 Ihesu
965 2198 1117 2265 Christi!
1171 2200 1254 2265 Om-

334 2298 388 2361 nis
410 2297 547 2380 quidem
571 2299 746 2382 susceptio
769 2306 804 2363 et
825 2299 921 2364 datio
946 2299 1161 2383 passionum¹
1184 2308 1254 2367 ter·

333 2417 449 2461 rarum
473 2398 595 2462 melius
616 2398 808 2464 litterarum
828 2400 997 2482 exemplis
1021 2399 1253 2466 confirmanda

205 2496 261 2574 sit,
301 2515 344 2560 ne
378 2498 415 2561 in
454 2505 631 2580 posterum
668 2498 794 2582 aliquis
821 2499 1032 2564 testamenti
1073 2500 1254 2565 confirma·

204 2596 330 2661 tionem
366 2597 531 2679 ignorans
567 2599 857 2681 praesumptionis
892 2607 1072 2682 peccatum
1106 2601 1163 2666 uel
1200 2602 1253 2666 di·

204 2697 368 2778 reptionis
397 2698 537 2761 incaute
564 2699 691 2762 crimen
721 2699 887 2763 incurrat.
949 2698 1030 2778 Qua
1055 2700 1098 2764 de
1126 2720 1163 2764 re
1185 2721 1253 2783 ego

204 2795 276 2860 Ead
283 2795 393 2860 weard
413 2817 488 2873 rex,
502 2798 612 2879 regali
631 2797 740 2862 fretus
759 2799 938 2880 dignitate,
956 2799 1107 2882 aliquam
1125 2805 1253 2865 terram

203 2896 339 2960 cuidam
368 2896 461 2961 fideli
488 2916 564 2960 meo
594 2897 752 2962 ministro
775 2900 927 2963 uocitato
952 2900 1089 2963 nomine
1115 2898 1254 2982 Ordgar

203 3015 307 3060 unam
327 2995 501 3060 dimidiam
529 3016 684 3062 mansam
706 2997 742 3061 in
767 2997 844 3061 lo'co
866 2998 925 3061 ubi
948 2999 1078 3063 dictum
1104 3006 1157 3063 est
1178 3000 1253 3065 Lit-

202 3095 342 3173 tleham,
360 3115 439 3160 oum
459 3097 561 3180 sylua
577 3098 621 3161 ad
643 3117 681 3161 se
703 3098 895 3181 pertinente
916 3097 952 3160 in
975 3099 1119 3164 australi
1141 3107 1251 3182 parte,

200 3195 235 3259 in
249 3194 496 3260 haereditatem
512 3217 692 3280 perennem
710 3197 907 3279 impendero
922 3199 1054 3262 curaui.
1095 3197 1149 3263 Sit
1166 3219 1250 3265 uero

201 3295 414 3376 praedictum
440 3315 499 3359 rus
522 3297 565 3360 ab
591 3297 683 3360 omni
709 3296 878 3360 saeculari
900 3295 1087 3377 grauedine
1112 3318 1250 3381 expers,

202 3394 269 3459 nisi
286 3396 518 3478 expeditione,
532 3398 660 3480 pontis,
678 3397 813 3461 arcisue
830 3396 1030 3462 munitione.
1083 3394 1249 3474 Quicum·

202 3513 270 3577 que
287 3495 352 3560 hoc
370 3497 546 3561 decretum
569 3497 719 3562 minuero
742 3515 803 3560 seu
826 3502 1057 3561 transmutare
1071 3497 1250 3578 satagerit,

200 3602 322 3660 noscat
347 3615 384 3660 se
408 3616 503 3661 reum
527 3616 603 3660 esse
628 3598 664 3661 in
684 3596 739 3661 die
763 3596 880 3661 iudicii
906 3615 1021 3661 coram
1050 3594 1189 3660 Christo
1214 3603 1249 3662 at

199 3695 327 3759 sanctis
350 3697 436 3761 eius.
488 3696 598 3761 Terra
622 3705 738 3761 autem
760 3696 828 3761 ista
851 3696 904 3760 his
926 3695 1083 3760 terminis
1105 3695 1248 3759 circum·

198 3793 312 3861 datur.
359 3795 421 3859 Dis
436 3796 571 3879 syndon
586 3787 678 3862 liare
692 3795 830 3861 healfan
847 3787 928 3861 hide
950 3783 1184 3877 landgcmffiro
1202 3803 1248 3861 act

199 3893 474 3976 Lytlanhamme.
527 3896 645 3962 AErest
661 3916 707 3960 on
724 3893 976 3973 Exanmfiliam
1000 3899 1114 3960 donne
1137 3885 1187 3978 rip
1203 3914 1249 3959 on

197 4000 337 4077 stryem,
366 3996 409 4060 be
440 4001 573 4060 nor-itan
601 3985 877 4079 Lydewicnaesse
908 4013 953 4057 on
982 3999 1073 4059 ’done
1098 4000 1248 4061 nororan

649 4119 656 4150 ¹
674 4121 716 4170 Sic
729 4121 787 4174 MS.

240 4212 327 4263 ΤΟΜ.
347 4214 395 4261 Vl.
1075 4213 1096 4260 0
