2850 4876
441 350 614 400 dusaren
637 350 982 401 suonossxorucrn.
1171 340 1237 405 143

183 511 259 592 Ego
292 511 482 575 AEttelmaer
514 508 680 573 minister.
737 512 775 591 ᾤ
801 510 878 592 Ego
912 509 1042 575 Ordulf
1068 512 1234 577 minister.

189 613 227 694 *l*
247 612 325 693 Ego
344 609 522 675 Uulfheah
541 610 706 673 minister.
761 610 803 695 ›1‹
822 610 898 691 Ego
916 610 1051 676 Uulfric
1068 613 1233 676 minister.

189 712 227 794 »Β
249 711 328 791 Ego
345 709 514 793 Uulfgeat
535 710 700 776 minister.
756 710 798 795 ›1‹
818 710 895 791 Ego
912 711 1047 776 Freana
1067 713 1235 777 minister.

165 813 226 892 ’ᾤ
265 811 342 893 Ego
373 811 562 875 AEtielmaer
598 809 764 874 minister.
840 812 878 891 ›1‹
914 811 990 893 Ego
1024 812 1235 877 AE’deluuold

184 911 350 975 minister.
406 912 447 991 *1⁴
468 910 545 991 Ego
559 909 714 974 AEiielric
736 910 903 975 minister.
954 912 1091 995 ›14Ego
1108 912 1236 995 Byrht·

185 1012 231 1076 ric
246 1011 414 1075 minister.
471 1012 510 1091 ›1‹
532 1010 609 1091 Ego
627 1009 754 1073 Eadric
770 1010 934 1075 minister.

591 1304 839 1371 Mccxcvl.

519 1452 781 1533 AEDELRED,
803 1453 898 1518 1002.

241 1605 280 1684 ›1‹
302 1600 348 1665 ΙΝ
361 1599 500 1665 nomine
513 1599 640 1664 domini
657 1601 768 1666 nostri
787 1601 893 1666 lhesu
912 1601 1062 1668 Christi!
1115 1603 1238 1668 Omnis

187 1701 305 1766 mundi
330 1707 444 1765 status
470 1707 565 1765 certo
590 1700 659 1765 fine
686 1701 1021 1779 terminatur,etea
1044 1713 1238 1784 quaesunt

187 1802 360 1868 defectiua
380 1819 463 1864 casu
491 1808 596 1865 ruunt
622 1801 754 1884 rapido,
773 1821 864 1883 quae
884 1822 968 1866 uero
995 1804 1159 1868 continua
1185 1806 1237 1868 ui·

187 1909 271 1985 gent
286 1903 470 1966 inexausto
487 1902 728 1984 perpetuitatis
748 1902 880 1982 uigore,
897 1902 974 1966 ideo
996 1903 1142 1984 singulis
1162 1905 1238 1987 qui·

185 2004 319 2084 busque
348 2000 507 2065 sollerter
538 2001 743 2066 studendum
777 2011 842 2080 est,
873 2002 956 2066 dum
990 2002 1126 2068 indulta
1153 2010 1237 2067 tem·

185 2122 309 2186 porum
335 2100 454 2182 spacia
481 2100 536 2164 dei
566 2108 653 2165 nutu
680 2121 847 2166 concessa
877 2103 1060 2179 sustinent,
1090 2122 1133 2166 ne
1162 2103 1235 2168 sine

184 2203 300 2267 fructu
323 2200 530 2283 spiritalium
547 2202 714 2267 uirtutum
730 2202 866 2265 easdem
892 2201 1048 2266 inducias
1062 2203 1236 2284 transiga-

185 2322 274 2367 mus.
338 2301 571 2379 Quamobrem
606 2321 672 2383 ego
703 2299 878 2378 AEbelred,
913 2302 1050 2366 fauente
1087 2322 1237 2384 superno

186 2403 337 2478 numine,
352 2400 504 2465 basileus
527 2398 720 2482 Anglorum
742 2410 1026 2484 caeterarumque
1047 2403 1234 2484 [gentium]

186 2501 386 2566 incircuitu
406 2500 663 2582 persistentium
687 2521 735 2566 .x.
759 2501 921 2566 uidelicet
948 2521 1097 2579 mansas,
1114 2503 1174 2584 qui
1192 2505 1235 2567 ab

157 2592 306 2666 'incolis
336 2599 512 2664 Haeseleia
543 2608 590 2673 aet
615 2608 685 2665 'dan
718 2606 873 2683 nyteran
904 2608 985 2666 tune
1019 2611 1237 2685 nuncupatur

186 2700 368 2777 uocabulo,
405 2699 541 2764 cuidam
580 2699 673 2764 fideli
713 2701 869 2766 ministro
911 2703 1064 2767 uocitato
1101 2703 1236 2767 nomine

187 2800 368 2877 Godwine,
405 2817 469 2881 pro
505 2800 580 2863 eius
618 2800 758 2864 amabili
793 2802 959 2884 obsequio
999 2810 1034 2866 et
1075 2802 1237 2884 placabili

186 2899 353 2976 mercede,
383 2898 419 2961 id
453 2905 507 2963 est
540 2919 639 2966 mxx.
670 2919 853 2964 mancusas
882 2902 961 2984 puri
997 2901 1085 2978 auri,
1118 2921 1237 2967 conce·

185 3001 269 3065 dens
296 2999 505 3084 perdonabo,
533 3019 610 3062 cum
642 3000 799 3064 omnibus
827 3000 871 3064 ad
901 3021 939 3065 se
969 3001 1035 3065 rite
1062 3003 1235 3083 pertinen·

186 3101 290 3178 tibus,
316 3099 460 3182 campis,
482 3099 633 3181 pascuis,
658 3101 779 3181 pratis,
803 3119 1041 3183 aquarumque
1067 3102 1235 3179 cursibus,

186 3207 225 3265 ut
246 3200 334 3282 ipse,
362 3200 435 3264 uita
464 3199 602 3275 comite,
631 3198 756 3263 habeat
785 3218 825 3262 ac
854 3200 1043 3282 possideat,
1070 3203 1236 3283 quamdiu

186 3320 322 3364 cursum
356 3299 459 3362 buius
491 3297 606 3363 labilis
639 3299 733 3362 uitae
765 3298 983 3380 perfruatur3
1025 3308 1104 3381 post
1135 3302 1236 3366 finem

185 3419 267 3464 uero
293 3400 379 3476 eius,
404 3399 608 3481 cuicumque
633 3398 698 3465 sibi
724 3397 894 3480 placuerit
924 3397 1064 3463 haeredi
1090 3399 1237 3466 derelin-

186 3511 283 3581 quat.
349 3498 404 3563 Sit
440 3507 557 3564 autem
590 3498 767 3581 praedicta
801 3506 894 3563 terra
926 3499 1035 3563 libera
1068 3500 1124 3566 ab¹
1145 3501 1239 3563 omni

185 3598 352 3664 mundiali
382 3599 575 3674 obstaculo,
607 3598 717 3663 tribus
747 3598 916 3683 exceptis,
948 3598 983 3662 id
1012 3606 1065 3662 est
1096 3598 1238 3681 expedi·

185 3698 290 3775 tione,
322 3699 437 3781 pontis
467 3698 601 3762 arcisue
629 3687 896 3764 constructione.
948 3698 985 3762 Si
1014 3700 1092 3782 quis
1121 3704 1237 3764 autem

184 3796 249 3863 hoc
271 3818 385 3863 meum
411 3798 536 3862 donum
563 3803 717 3862 euertere
743 3798 927 3875 studuerit,
954 3799 1009 3863 uel
1038 3796 1144 3862 alium
1174 3817 1237 3862 an-

185 3897 319 3981 tiquum
353 3898 477 3961 librum
509 3896 566 3961 uel
594 3915 723 3960 nouum
752 3898 948 3980 protulerit,
979 3916 1043 3962 nec
1076 3897 1142 3962 sibi
1174 3917 1238 3964 nec

185 3998 262 4061 aliis
284 3998 456 4080 proficiat,
475 3997 535 4061 sed
560 3997 597 4061 in
620 3998 829 4079 sempiterno
853 3997 1001 4077 graphio
1023 3996 1180 4063 doleatur
1202 4007 1238 4064 et

185 4116 261 4162 cum
288 4097 389 4162 iustis
409 4117 478 4161 non
504 4097 689 4170 scribatur,
717 4097 776 4160 sed
807 4095 1001 4161 consideret
1021 4097 1100 4167 hinc
1121 4116 1159 4161 se
1181 4098 1238 4168 die
