2850 4876
445 355 616 405 cusanus
638 355 985 406 auonosnxourosn.
1187 345 1229 407 91

591 614 818 682 uccnxu
847 582 852 592 ’

543 724 765 845 uincla,
786 765 865 832 ooo.

236 914 276 996 ᾧ
297 913 457 980 ΟΜΝιυΜ
484 915 643 981 conditor
664 922 916 994 creaturarum,
937 935 1016 981 cum
1041 916 1078 980 in
1102 916 1227 981 consti·

185 1015 315 1081 tutione
337 1016 515 1098 uergentis
537 1015 657 1083 mundi
683 1024 809 1082 cuncta
834 1024 989 1082 creasset
1014 1035 1059 1081 ex
1088 1015 1228 1094 nichilo,

183 1121 407 1198 coeptamque
423 1115 478 1179 sui
492 1116 605 1199 operis
617 1116 861 1200 perfectionem
877 1120 979 1182 sexto
990 1115 1046 1181 die
1060 1115 1230 1200 comples-

183 1220 246 1293 set,
263 1214 429 1281 adiuncto
444 1224 587 1282 sanctae
602 1216 769 1282 trinitatis
791 1217 974 1293 uocabulo,
989 1217 1114 1299 inquit,
1135 1216 1229 1281 ‘Fa-

183 1313 314 1379 ciamus
335 1314 507 1380 hominem
534 1315 578 1380 ad
606 1316 792 1399 imaginem
813 1325 849 1382 et
868 1316 1129 1381 similitudinem
1147 1335 1229 1380 nos·

182 1415 296 1479 tram.’
349 1415 404 1480 De
419 1415 518 1481 cuius
541 1415 743 1483 dormientis
763 1418 873 1482 latere
894 1436 973 1481 cum
996 1418 1228 1482 substractam

183 1521 314 1580 costam
346 1523 563 1599 procreasset
594 1517 632 1582 in
660 1516 856 1594 foeminam,
882 1536 1028 1599 eamque
1059 1517 1096 1581 in
1127 1516 1227 1582 adiu·

183 1615 311 1680 terium
327 1615 437 1680 eidem
455 1615 669 1695 adduxisset,
691 1618 833 1684 uocauit
848 1636 973 1682 nomen
989 1617 1064 1681 eius
1082 1617 1229 1699 Uirago,

184 1735 286 1799 quam
307 1722 449 1799 sumpta
469 1721 524 1781 est
540 1716 583 1781 de
599 1716 676 1781 uiro
696 1737 772 1783 suo.
826 1716 1049 1802 Quapropter
1068 1717 1230 1800 quicquid

184 1815 378 1899 adquiritur
392 1814 591 1880 desudando
600 1815 771 1898 fragilitas
786 1818 852 1881 uiri
863 1818 966 1882 datur
974 1817 1140 1882 secundae
1149 1836 1229 1882 con·

182 1915 281 1998 iugii,
297 1916 588 1999 procreandisque
607 1916 688 1981 filiis
710 1923 746 1982 et
760 1917 920 1982 fidelibus
940 1917 1070 1991 seruis3
1095 1924 1131 1981 et
1146 1918 1177 1980 si
1193 1917 1229 1980 in

183 2023 320 2081 tantum
334 2015 490 2098 diligitur
504 2015 642 2081 dilectio
657 2017 782 2094 carnis,
797 2017 907 2081 multo
921 2018 1036 2098 magis
1050 2015 1160 2080 amari
1173 2016 1231 2081 de·

183 2117 284 2181 betur
299 2135 398 2180 amor
413 2115 546 2182 aeterni
561 2116 664 2198 regis,
679 2117 739 2199 qui
753 2117 816 2181 dat
830 2117 886 2181 cui
901 2117 979 2181 uult
994 2116 1096 2194 filios,
1109 2135 1231 2181 seruos

185 2236 226 2281 ac
244 2216 384 2294 liberos,
403 2223 616 2299 cunctosque
637 2235 701 2281 suo
725 2223 810 2281 nutu
832 2216 896 2282 alit
919 2224 955 2283 et
978 2234 1133 2280 crescere
1153 2235 1231 2298 per·

185 2316 303 2383 mittit
355 2315 456 2381 Unde
479 2335 545 2400 ego
567 2315 709 2398 Eadgar
731 2317 847 2399 gratia
874 2317 929 2381 dei
950 2315 1145 2398 Anglorum
1169 2337 1232 2382 rex

185 2415 361 2499 pacificus,
395 2433 472 2480 meo
501 2416 638 2481 cuidam
676 2417 834 2482 ministro
866 2425 1064 2500 nuncupato
1094 2418 1231 2482 nomine

185 2515 380 2593 AElfuuino,
408 2535 470 2598 pro
496 2535 560 2581 suo
585 2517 678 2582 fideli
699 2516 854 2595 seruitio,
882 2518 1020 2582 tradens
1050 2517 1151 2583 trado
1177 2534 1229 2583 .x.

184 2615 347 2681 uidelicet
370 2634 523 2695 mansas,
547 2617 583 2680 in
608 2616 686 2682 loco
718 2618 777 2681 cui
802 2625 1038 2682 antecessores
1063 2619 1233 2684 ruricolae

185 2717 424 2799 imposuerunt
452 2736 575 2781 nomen
604 2717 782 2796 Boxorau,
811 2719 875 2782 tali
907 2717 1070 2782 uidelicet
1102 2727 1232 2796 tenore,

187 2824 224 2881 ut
245 2822 327 2899 post
349 2816 405 2881 sui
421 2816 679 2883 dissolutionem
706 2818 871 2901 corporis,
893 2819 1086 2901 cuicunque
1113 2819 1231 2901 placu-

188 2916 251 2981 erit
294 2916 405 2981 amico
444 2917 481 2981 in
520 2925 726 2999 perpetuam
765 2919 932 2983 concedat
973 2917 1232 2983 haereditatem.

188 3015 372 3081 Praedicta
394 3016 503 3098 igitur
522 3017 605 3083 uilla
626 3019 672 3083 ab
687 3018 781 3083 omni
802 3018 971 3084 saeculari
990 3019 1133 3083 seruitio
1155 3038 1233 3102 per-

188 3122 326 3182 maneat
358 3117 530 3194 absoluta,
561 3136 641 3182 cum
668 3119 826 3183 omuibus
860 3119 927 3182 sibi
960 3119 1142 3201 impositis,
1173 3138 1233 3183 ex·

189 3217 297 3300 ceptis
319 3216 442 3294 tribus,
465 3217 625 3300 populari
650 3216 881 3303 expeditione,
903 3218 1022 3283 uiatioi
1040 3218 1156 3302 pontis
1178 3238 1232 3283 re·

187 3317 410 3394 stauratione,
427 3318 544 3398 regiae
560 3318 649 3382 arcis
667 3317 936 3382 constructione.
988 3316 1025 3380 Si
1042 3317 1121 3402 quis
1136 3337 1232 3398 ergo,

187 3417 337 3484 inuidiae
347 3417 494 3480 stimulis
508 3418 717 3496 stimulatus,
728 3419 795 3482 hoc
806 3437 919 3481 meum
932 3416 1060 3481 donum
1069 3417 1234 3481 inuadere

189 3517 421 3600 temptauerit,
435 3517 483 3580 sit
496 3517 693 3594 anathema,
710 3519 774 3583 hoc
789 3525 854 3594 est,
872 3517 1043 3581 alienatus
1058 3535 1080 3580 a
1093 3534 1234 3580 consor·

188 3619 236 3685 tio
259 3616 546 3694 Christianorum,
568 3617 634 3681 nisi
656 3618 702 3680 ad
726 3618 996 3682 satisfactionem
1018 3634 1096 3681 cum
1117 3615 1233 3680 fructu

189 3715 420 3803 poenitentiae
443 3717 561 3780 uenire
582 3717 807 3782 festinauerit.
854 3717 1021 3782 Praelata
1042 3735 1126 3780 uero
1142 3722 1236 3780 terra

190 3818 265 3883 istis
297 3815 434 3879 uidetur
472 3817 625 3879 terminis
654 3818 920 3900 circumgyrato.
991 3814 1052 3878 Dis
1086 3815 1163 3878 siud
1192 3814 1235 3881 da

189 3903 424 3998 laudgemaera
441 3906 478 3980 t6
498 3917 674 3979 Boxoran.
727 3917 847 3981 AErest
864 3923 911 3980 aet
928 3915 1061 3979 Uuines
1080 3905 1231 3990 treowe;

188 4024 260 4083 dact
291 4015 443 4097 andlang
474 4016 645 4099 herpaees
670 4005 709 4078 to
735 4017 939 4099 denepytte3
975 4013 1086 4078 dauon
1114 4005 1162 4096 sip
1191 4034 1235 4078 on

191 4103 398 4182 AEscmferes
425 4116 580 4180 hammes
608 4105 865 4191 sfideuuearde3
898 4116 938 4181 os
963 4105 1040 4179 dam
1071 4114 1234 4178 hammon
