2850 4876
182 325 248 393 172
440 338 613 388 curarim
638 338 983 389 euenosaxouroau.

607 595 818 662 Moccxl.

581 743 841 809 AEoELREo.

241 896 281 976 ›1‹
304 894 380 957 Eoo
406 891 615 958 AEttelredus
636 912 700 957 rex
723 912 893 957 unacum
916 892 1039 957 Emma
1063 891 1186 974 regina
1206 899 1241 956 et

187 1013 266 1058 cum
291 993 503 1076 principibus
531 994 629 1068 meis,
655 1012 769 1057 coram
797 1000 971 1057 conuentu
1002 992 1057 1056 dei
1083 991 1245 1055 sacerdo·

185 1098 258 1158 tum
280 1093 576 1170 reuerendissim0‚
591 1091 723 1157 scilicet
743 1093 891 1158 antistiti
911 1090 1102 1167 AElfstano,
1130 1098 1241 1156 terras

188 1193 389 1257 monasterii
411 1193 504 1257 beati
527 1191 630 1255 Pauli
649 1192 798 1274 apostoli
820 1212 908 1275 quas
928 1212 950 1256 a
971 1189 1242 1274 praedecessori-

189 1293 254 1356 bus
268 1292 367 1370 meis‚
378 1292 452 1356 siue
468 1310 557 1356 ame
571 1291 730 1369 donatas,
745 1311 806 1356 seu
820 1311 841 1356 a
856 1293 994 1373 regibus
1010 1289 1166 1373 gentium
1178 1310 1239 1354 ex·

188 1399 370 1467 terrarum,
388 1411 450 1455 seu
468 1411 490 1454 a
507 1391 731 1474 principibus,
749 1411 810 1455 seu
827 1412 849 1456 a
867 1391 1075 1474 quibuslibet
1095 1389 1241 1454 homini·

188 1492 253 1557 bus
271 1511 334 1555 suo
350 1491 619 1556 confirmationis
642 1491 838 1556 testimonio
858 1510 975 1555 omues
994 1489 1243 1573 perpetualiter

187 1590 412 1673 possidendas
424 1590 574 1670 contuli;
597 1591 760 1674 quatinus
773 1589 877 1655 michi
891 1590 1070 1654 criminum
1086 1608 1241 1654 meorum

188 1690 325 1772 flagitia
339 1710 361 1753 a
378 1689 515 1754 domino
537 1691 640 1754 uenia
659 1691 835 1754 relaxetur
850 1697 885 1755 et
901 1690 1118 1755 confusiones
1142 1708 1241 1754 soan-

188 1790 344 1855 dalorum
368 1790 532 1854 scismata
553 1789 836 1874 simultatumque
852 1790 974 1854 dehinc
996 1790 1177 1864 aboletur3
1206 1795 1243 1854 et

189 1898 230 1955 ut
256 1890 387 1954 firmius
417 1889 503 1979 haec
528 1890 722 1954 donationis
754 1890 890 1955 cartula
919 1891 1111 1967 roboretur,
1138 1889 1241 1953 etiam

189 1991 428 2074 praesentibus
444 1978 599 2066 ducibus,
612 1990 807 2066 comitibus
822 1991 983 2073 omnique
998 1989 1117 2053 ordine
1132 2008 1243 2054 sacer-

188 2091 296 2155 dotali
316 2091 484 2154 uexillum
499 2096 639 2154 sanctae
657 2091 767 2154 crucis
787 2110 892 2154 manu
916 2091 1057 2173 propria
1078 2089 1189 2164 infixi,
1206 2096 1242 2153 et

190 2198 298 2256 testes
315 2189 456 2255 idoneos
473 2189 518 2253 ad
538 2190 756 2254 scribendum
774 2191 893 2255 eadem
910 2190 1001 2272 signi
1017 2188 1242 2272 impressione

189 2291 332 2373 dignum
346 2289 478 2368 curaui,
493 2307 640 2372 quorum
662 2309 825 2354 numerus
843 2301 878 2354 et
894 2290 1032 2353 nomina
1046 2290 1167 2353 subter
1180 2288 1242 2353 ad·

191 2392 292 2455 nexis
311 2391 430 2471 figuris
455 2396 699 2471 agnoscuntur.
750 2389 888 2473 siquis
911 2409 1006 2467 uero,
1024 2388 1117 2471 quod
1139 2388 1241 2466 absit,

191 2491 372 2574 tyrannica
387 2497 559 2572 potestate
574 2490 683 2554 fretus
698 2497 758 2554 aut
774 2491 866 2555 fastu
881 2489 1063 2572 superbiae
1078 2489 1241 2565 tumidus,

191 2597 314 2655 contra
332 2590 398 2654 boc
421 2589 596 2654 decretum
614 2609 637 2654 a
653 2610 707 2654 me
725 2589 962 2654 confirmatum
980 2589 1015 2652 in
1037 2607 1166 2669 magno
1182 2606 1243 2652 seu

191 2690 227 2753 in
245 2688 380 2754 modico
396 2709 520 2753 nocere
536 2696 597 2754 aut
614 2689 713 2754 irrita
727 2690 841 2754 facere
858 2689 1092 2772 temptauerit,
1107 2688 1243 2753 nouerit

191 2808 229 2853 se
253 2789 427 2853 iudicante
449 2790 588 2854 domiuo
609 2790 710 2854 uiuos
731 2810 774 2854 ao
793 2797 947 2854 mortuos
968 2787 1145 2870 gehennae
1161 2808 1242 2872 sup·

191 2889 303 2971 pliciis
319 2889 442 2953 missus
457 2897 710 2973 perpetuasque
733 2889 827 2954 luere
847 2908 988 2973 poenas.
1044 2890 1084 2970 ›1‹
1105 2887 1241 2955 Valete.

601 3203 836 3270 MccoXIL

587 3345 847 3411 AEDELRED.

248 3483 516 3567 fflRnoNArtro
542 3487 576 3550 in
604 3494 809 3569 perpetuum
830 3487 969 3552 domino
995 3495 1115 3552 nostro
1139 3488 1243 3553 Ibesu

194 3583 334 3650 christo
358 3586 577 3668 omniumque
596 3605 704 3668 regna
724 3586 939 3651 saeculorum
954 3588 1073 3670 magni
1088 3588 1245 3653 modora-

193 3685 294 3748 minis
313 3685 458 3768 imperio
478 3686 714 3768 gubernante!
767 3687 843 3769 Ego
858 3686 1022 3752 AEbelred
1046 3688 1156 3771 ipsius
1171 3689 1245 3771 opi-

192 3784 327 3848 tulante
340 3786 454 3866 gratia
468 3805 532 3849 rex
546 3784 738 3867 Anglorum
752 3786 841 3851 inter
854 3788 969 3852 uarias
980 3788 1082 3851 huius
1096 3787 1244 3852 labentis

193 3884 323 3947 saeculi
338 3885 594 3950 uicissitudines
616 3887 659 3950 ad
683 3888 882 3951 memoriam
905 3887 1028 3951 reduxi
1045 3887 1195 3970 qualiter
1210 3887 1246 3951 iu

192 3987 347 4064 tempore
373 3985 542 4067 pueritiae
564 4005 661 4050 meae
682 4005 766 4067 erga
788 4007 843 4050 me
868 3995 1005 4068 gestum
1027 3986 1143 4065 fuerit,
1163 3987 1245 4051 dum

194 4086 293 4164 pater
312 4103 408 4148 meus
430 4105 494 4150 rex
517 4085 669 4168 Eadgar,
683 4085 866 4151 uniuersae
881 4094 995 4152 terrae
1013 4087 1107 4152 uiam
1129 4087 1244 4170 ingre·
