2850 4876
183 309 227 375 20
444 329 617 377 onsurae
643 328 986 377 nucuosnxourcnn.

185 488 293 567 citas;
318 487 586 571 sedpriscorum
606 495 711 570 atque
732 486 971 550 modernorum
991 483 1239 567 lepidissimam

187 588 341 652 ambiens
373 587 580 665 facundiam,
610 585 777 651 Arrianas
809 586 1093 668 Sabellianasque
1120 590 1241 667 prote·

187 687 294 751 rendo
308 688 449 752 naenias
465 688 657 771 anagogico
670 687 879 752 infrustrans
896 686 1033 762 famine,
1048 703 1180 766 nosque
1195 683 1240 747 ab

187 787 325 852 obtunsi
355 790 522 853 coecitate
547 790 771 853 umbraminis
796 788 839 851 ad
869 805 1095 869 supernorum
1117 783 1244 853 alacri-

188 889 336 952 moniam
370 890 655 971 patrimoniorum
689 889 876 964 aduocans,
906 887 1050 969 angelus
1082 885 1242 971 supernis

188 988 328 1070 elapsus
359 989 533 1052 liminibus
561 991 596 1053 in
626 1008 742 1053 aurem
768 989 992 1052 intemeratae
1019 984 1176 1068 uirginis,
1201 990 1243 1049 ut

189 1089 413 1171 euuangelica
437 1089 658 1171 promulgant
672 1089 811 1166 famina,
825 1087 996 1172 stupenda
1010 1086 1174 1152 cecinisse
1192 1084 1243 1148 ui-

189 1188 291 1251 detur
309 1191 482 1266 carmina;
507 1191 563 1253 cui
585 1190 754 1254 aecclesia
770 1196 857 1264 tota,
875 1187 1036 1252 uidelicet
1056 1185 1243 1263 catholica,

189 1308 342 1352 consona
360 1309 445 1353 uoce
468 1289 690 1354 altibohando
713 1288 917 1372 proclamat,
933 1294 943 1323 ‘
959 1289 1070 1351 Beata
1085 1306 1121 1351 es
1138 1285 1241 1367 uirgo

190 1388 306 1453 Maria
318 1409 406 1471 quae
421 1390 607 1467 credidisti,
619 1389 837 1472 perficientur
851 1390 887 1452 in
903 1396 937 1453 te
951 1408 1041 1471 quae
1054 1387 1147 1451 dicta
1160 1393 1244 1450 sunt

189 1489 252 1551 tibi
265 1507 286 1551 a
299 1488 460 1553 domino!
495 1490 626 1553 Mirum
638 1490 748 1555 dictu!
766 1490 964 1553 incarnatur
974 1489 1129 1564 uerbum,
1142 1492 1178 1551 et
1189 1487 1245 1550 in'-

190 1597 394 1670 corporatur
411 1590 543 1654 scilicet
566 1590 664 1667 illud,
686 1590 729 1654 de
747 1610 815 1673 quo
837 1589 1079 1671 euuangelista
1102 1606 1244 1670 supere-

190 1689 322 1752 minens
351 1690 590 1754 uniuersorum
617 1690 800 1755 altitudine
827 1710 990 1754 sensuum
1012 1688 1144 1771 inquit3
1171 1686 1244 1751 ‘In

190 1788 359 1871 principio
383 1798 458 1854 erat
475 1792 629 1866 uerbum,
646 1798 682 1854 et
695 1792 839 1856 uerbum
861 1797 935 1854 erat
959 1789 1051 1873 apud
1077 1789 1192 1865 deum,
1208 1794 1246 1853 et

190 1888 275 1952 deus
297 1897 373 1953 erat
394 1890 560 1968 uerbum,'
578 1892 774 1974 etreliqua.
816 1889 896 1969 Qua
918 1890 1082 1954 uidelicet
1103 1895 1247 1971 sumpta

191 1988 233 2052 de
265 1989 400 2071 uirgine
425 1991 660 2056 incarnatione
683 1992 846 2075 antiquae
868 1991 1012 2072 uirginis
1024 1989 1163 2060 ‚facinus
1185 1988 1248 2054 de-

191 2090 308 2167 mitur,
319 2098 354 2154 et
366 2092 498 2155 cunctis
515 2093 714 2157 mulieribus
730 2093 847 2156 nitidis
864 2092 1068 2174 praecluens
1083 2090 1247 2155 taumati-

191 2190 255 2253 bus
273 2191 377 2255 decus
394 2192 577 2274 irrogatur.
641 2193 779 2257 Intacta
803 2193 911 2274 igitur
925 2191 1099 2256 redolente
1114 2189 1248 2255 Christi

192 2290 385 2367 diuinitate,
413 2312 586 2375 passaque
614 2294 723 2375 ipsius
756 2293 982 2369 humanitate,
1007 2292 1149 2355 libertas
1181 2291 1247 2354 ad·

192 2390 293 2453 dictis
318 2391 503 2455 clementer
528 2394 673 2474 contigit
691 2393 848 2456 seruulis.
900 2393 994 2456 Hinc
1014 2411 1079 2474 ego
1098 2389 1249 2473 Eadwig

192 2490 381 2553 altithrono
415 2492 695 2556 amminiculante
718 2491 924 2574 Anglorum,
961 2500 1249 2575 caeterarumque

193 2590 348 2670 gentium
371 2591 406 2652 in
434 2591 577 2656 circuitu
606 2593 773 2656 triuiatim
798 2593 1055 2676 persistentium
1069 2592 1248 2670 basileus,

193 2697 232 2751 ut
261 2688 361 2754 huius
389 2689 565 2755 libertatis·
596 2693 774 2758 altithroni
812 2693 1037 2759 moderatoris
1063 2693 1250 2757 clementia

193 2808 326 2853 merear
341 2791 495 2873 optinere
513 2794 734 2870 consortium,
750 2794 915 2858 coenobio
940 2795 1017 2858 loco
1040 2793 1165 2857 celebri
1186 2795 1248 2876 qni

193 2891 237 2953 ab
255 2890 357 2953 huius
372 2893 561 2974 ‚prosapiae
583 2894 734 2977 solicolis
749 2893 960 2958 AEbbandun
984 2894 1090 2958 nobili
1112 2902 1247 2958 nuncu·

193 2997 296 3071 patur
311 2992 481 3055 uocabulo
503 2992 620 3070 situm,
635 2994 861 3076 genitricique
878 2995 1007 3058 domini
1021 2994 1134 3059 nostri
1157 3012 1249 3057 sem·

193 3109 255 3172 per
278 3091 404 3173 uirgini
424 3092 569 3171 Mariae,
587 3113 719 3158 necnon
745 3095 847 3159 beato
878 3094 982 3159 Petro
1010 3094 1248 3176 apostolorum

193 3190 341 3273 principi
357 3192 500 3274 eiusque
517 3195 717 3277 coapostolo
737 3194 848 3260 Paulo
872 3194 1066 3259 dedicatum
1088 3195 1248 3274 habetur,

193 3291 371 3355 monachis
398 3293 603 3374 regulariter
629 3295 832 3376 degentibus
857 3296 1245 3361 monasticiaaternam

194 3390 365 3473 priuilegii
383 3395 531 3458 concedo
553 3395 760 3472 libertatem,
777 3403 948 3478 quatenus
974 3403 1054 3479 post
1069 3396 1248 3461 decessum

195 3491 418 3556 AEiieluuoldi
448 3495 583 3558 abbatis
612 3496 756 3577 egregii,
787 3497 885 3561 cuius
919 3497 1130 3579 temporibus
1160 3497 1249 3563 haec

193 3591 364 3655 libertatis
409 3596 616 3659 restauratio
659 3593 796 3660 Christo
832 3596 1043 3679 suffragante
1082 3617 1249 3663 concessa

193 3698 259 3766 est,
275 3712 377 3774 quem
393 3693 457 3756 sibi
481 3694 643 3758 uniuersa
668 3696 816 3777 praefati
841 3699 998 3762 coenobii
1022 3700 1249 3781 congregatio

194 3798 277 3872 apto
294 3792 438 3872 elegerit
460 3794 615 3871 consilio,
631 3797 817 3860 secundum
836 3799 1013 3880 regularia
1026 3799 1119 3863 beati
1138 3798 1249 3864 Bene-

195 3891 277 3954 dicti
293 3891 463 3969 instituta,
482 3895 653 3972 abbatam,
670 3895 760 3961 iuste
776 3918 819 3961 ex
832 3899 952 3962 eodem
969 3899 1116 3962 fratrum
1136 3905 1247 3969 cuneo

195 3991 326 4071 eligens
343 3993 545 4059 constituat.
597 3995 715 4061 Huius
733 3998 903 4080 priuilegii
924 3999 1064 4063 libertas
1085 3999 1248 4085 deinceps

196 4110 259 4153 usu
283 4099 448 4173 perpetuo
471 4113 492 4157 a
516 4097 649 4161 cunctis
667 4106 826 4162 teneatur
842 4100 1034 4177 catholicis,
1052 4120 1114 4164 nec
1131 4110 1248 4167 extra·
