2850 4876
361 344 533 393 curario
556 345 904 396 unctoslxomoru.
1118 336 1162 399 77

108 501 274 566 terimus.’
326 499 548 584 Quapropter
574 501 697 566 lubrici
722 508 925 583 potentatus
951 523 1019 567 non
1049 506 1158 569 inme·

110 621 194 679 mor,
217 621 284 683 ego
302 600 456 683 Eadgar,
479 599 618 666 Christo
640 601 837 666 conferente
858 622 919 665 rex
943 611 978 668 et
1000 604 1158 687 primice-

108 701 179 765 rius
198 702 311 765 tocius
327 699 499 778 Albionis,
516 702 613 782 regni
629 701 805 782 fastigium
822 702 943 766 humili
959 704 1160 785 praesidens

111 803 238 877 animo,
261 801 306 864 ob
328 801 638 865 remunerationem
661 801 802 864 maioris
824 803 981 882 praemii,
1005 804 1160 886 aliquan·

110 901 221 966 tulam
244 901 334 964 ruris
356 899 561 983 particulam
587 917 639 964 .11.
663 908 898 983 comparatam
923 904 1081 979 cassatis
1105 904 1161 967 cui

110 1001 319 1065 uocabulum
334 1006 428 1064 certa
446 997 694 1082 astipulatione
707 1001 965 1065 Denceswur’de
976 1003 1161 1085 profertur,

110 1103 152 1165 ad
170 1100 376 1165 aecclesiam
392 1100 514 1163 beatae
533 1098 678 1176 Mariae,
698 1101 876 1182 genitricis
894 1101 948 1165 dei
970 1122 1011 1166 ac
1032 1104 1159 1167 domini

111 1201 221 1266 nostri
241 1199 347 1264 Ihesu
366 1197 507 1276 Christi,
528 1200 563 1262 in
579 1199 655 1264 loco
671 1200 730 1282 qui
745 1201 870 1264 dicitur
888 1199 1098 1279 Abbanduu,
1116 1204 1160 1267 ad

112 1321 194 1364 usus
211 1300 340 1363 ibidem
355 1298 500 1362 fratrum
513 1298 577 1363 deo
595 1299 817 1363 seruientium
832 1300 977 1365 libenter
991 1303 1160 1382 concedo;

110 1403 297 1465 obsecrans
322 1406 357 1462 et
380 1398 595 1481 praecipiens
623 1399 819 1463 innomine
848 1399 977 1465 Christi
1000 1410 1039 1466 ut
1059 1423 1159 1466 nemo

111 1518 348 1565 successorum
362 1507 557 1563 nostrorum
576 1499 762 1581 superioris
779 1498 835 1562 uel
845 1499 1015 1565 inferioris
1032 1503 1161 1582 gradus

113 1600 174 1665 hoc
199 1606 341 1664 nostrae
364 1598 558 1663 denotionis
581 1598 709 1663 donum
732 1599 849 1681 aliquo
869 1602 1076 1666 temeritatis
1099 1603 1160 1666 ali-

113 1708 287 1783 quatenus
315 1699 480 1763 instinctu
510 1697 712 1780 disrumpat.
764 1698 818 1763 Sit
843 1706 958 1764 autem
985 1702 1163 1783 praedicta

114 1801 229 1878 tellus,
251 1818 355 1881 quam
376 1818 454 1880 ego,
479 1817 555 1862 cum
576 1817 744 1862 consensu
775 1799 980 1882 optimatum
996 1821 1161 1878 meorum,

116 1901 273 1982 praefato
290 1898 437 1980 largitus
455 1917 529 1960 sum
548 1899 726 1975 coenobio,
745 1899 788 1961 ab
806 1900 900 1963 omni
916 1907 1073 1964 terrenae
1090 1922 1162 1965 ser·

118 2000 239 2064 uitutis
265 1999 354 2079 iugo
370 1997 491 2074 libera,
507 1997 618 2061 tribus
641 1997 694 2061 his
716 1998 885 2079 exceptis,
903 2006 981 2063 rata
1003 2000 1163 2065 uidelicet

114 2097 345 2183 expeditione,
377 2097 492 2180 pontis
522 2097 658 2162 arcisue
688 2099 951 2163 restauratione.
1014 2099 1050 2162 Si
1084 2101 1162 2183 quis

114 2208 243 2274 autem,
261 2197 431 2261 laruarico
447 2197 632 2261 instinctus
651 2198 786 2280 spiritu,
803 2196 868 2260 hoc
886 2198 1014 2261 donum
1032 2200 1163 2264 uiolare

116 2299 344 2363 immutareue
374 2304 680 2380 praesumptuosus
707 2297 942 2379 temptauerit,
969 2299 1035 2363 nisi
1059 2298 1164 2380 digna

116 2397 349 2464 satisfactione
361 2404 441 2460 ante
455 2397 586 2460 obitum
605 2417 704 2460 suum
720 2417 800 2459 reus
811 2398 1032 2479 poenituerit,
1051 2406 1162 2462 aeter-

117 2501 170 2563 nis
204 2495 360 2562 barathri
392 2504 587 2580 prostratus
618 2496 783 2560 incendiis
813 2516 890 2561 cum
917 2496 1007 2561 Iuda
1035 2497 1165 2563 Christi

117 2598 292 2682 proditore
318 2595 537 2661 aeternaliter
562 2595 719 2674 lugubris
746 2597 920 2677 puniatur.
974 2597 1042 2662 His
1063 2599 1165 2663 metis

117 2698 310 2782 praefatum
338 2717 397 2760 rus
427 2696 505 2760 hinc
530 2696 611 2760 inde
636 2703 792 2780 gyratur.
842 2695 949 2761 Anno
975 2697 1166 2763 dominicae

117 2797 364 2863 incarnationis
380 2812 603 2862 meroem.
621 2797 751 2877 scripta
766 2802 819 2860 est
837 2804 945 2861 carta.

175 2901 214 2980 ›1‹
238 2896 314 2977 Ego
332 2896 473 2978 Eadgar
491 2915 553 2959 rex
577 2893 770 2977 Auglorum
794 2896 986 2978 praefatam
1009 2898 1167 2963 donatio·

119 3018 195 3062 nem
218 2997 384 3061 concessi.
444 2998 483 3077 ›1‹
506 2996 582 3077 Ego
601 2995 763 3060 Dunstan
786 2996 1062 3080 archiepiscopus
1086 3018 1165 3063 cum

118 3100 216 3180 signo
230 3103 370 3160 sanctae
387 3096 499 3159 crucis
516 3096 687 3159 roboraui.
743 3099 782 3178 ›1‹
802 3097 878 3177 Ego
896 3095 1039 3180 Oscytel
1057 3098 1164 3162 archi·

118 3197 257 3283 praesul
267 3195 418 3277 sigillum
431 3197 531 3277 agiae
546 3196 658 3258 crucis
671 3196 840 3275 impressi.
898 3197 937 3276 »Β
955 3196 1030 3278 Ego
1046 3198 1167 3262 AE’Sel-

121 3296 225 3362 unold
255 3296 437 3378 episcopus
463 3294 678 3376 consignaui.
737 3297 776 3376 ›1‹
804 3294 880 3374 Ego
909 3294 1062 3359 AElfstan
1093 3299 1167 3380 epi·

121 3416 248 3480 scopus
264 3395 435 3477 adquieui.
486 3398 525 3477 ›1‹
540 3395 617 3476 Ego
628 3393 921 3476 Osulfopiscopus
937 3396 1167 3461 corroboraui.

125 3501 164 3580 ›1‹
187 3497 264 3578 Ego
287 3495 417 3559 AElfere
450 3495 534 3557 dux.
603 3495 642 3574 ›1‹
674 3493 750 3575 Ego
778 3492 856 3557 AElf
859 3491 946 3555 heah
978 3492 1060 3555 dux.
1122 3496 1162 3575 ›1‹

122 3598 197 3680 Ego
213 3595 425 3659 AEtteluuine
442 3594 523 3660 dux.
580 3595 619 3674 ›1‹
642 3593 719 3674 Ego
747 3593 853 3658 Oslac
880 3593 965 3656 dux.
1023 3595 1062 3674 ›1‹
1089 3592 1167 3674 Ego

123 3694 399 3781 Byrhtnoitdux.
450 3696 489 3775 ›1‹
506 3694 582 3774 Ego
591 3693 765 3775 'AEscuuig
777 3695 894 3758 abbas.
952 3695 991 3774 ›1‹
1011 3692 1087 3772 Ego
1102 3691 1169 3756 Os-

121 3818 183 3880 gar
201 3796 320 3860 abbas.
372 3796 411 3875 »Β
426 3793 502 3874 Ego
518 3792 671 3856 AElfstan
687 3794 804 3858 abbas.
855 3786 986 3874 ›14'Ego
1000 3787 1170 3873 AEbelgar

122 3898 236 3962 abbas.
294 3896 333 3975 ›1‹
357 3893 433 3975 Ego
450 3889 623 3956 Brihtferh
640 3893 805 3957 minister.
865 3893 904 3972 ›1‹
925 3890 1002 3973 Ego
1020 3890 1168 3974 AElfsige

123 3996 288 4061 minister.
361 3996 400 4075 ›1‹
435 3993 512 4074 Ego
543 3991 749 4057 AElfuueard
782 3989 949 4054 minister.
1021 3994 1060 4073 ›1‹
1091 3991 1168 4072 Ego

124 4094 358 4162 AEiteluueard
389 4093 555 4157 minister.
622 4094 661 4173 ›1‹
696 4092 772 4173 Ego
804 4088 970 4153 Uulfstan
1004 4091 1169 4155 minister.
