2850 4876
442 352 615 403 casaria
636 352 983 405 incressxonrcaa.
1187 340 1232 404 29

436 703 440 709 ι
568 610 836 678 mccxxrx.

544 730 766 841 sinsin,
788 762 864 828 eor.

237 914 493 1001 &Eustasius
524 912 685 996 agonista
713 912 962 977 sermocinatus
991 913 1101 977 estin
1124 915 1232 998 scrip-

183 1017 268 1079 turis
291 1016 430 1093 diuinis,
453 1013 582 1090 dicens,
605 1013 756 1077 ‘Omnia
774 1033 863 1098 quae
881 1013 1042 1077 uidentur
1059 1020 1232 1098 tempora·

183 1113 231 1179 lia
250 1123 343 1193 sunt,
360 1134 450 1198 quae
468 1121 583 1178 autem
610 1133 678 1177 non
702 1113 864 1178 uidentur
884 1114 1048 1178 aeterna.’
1100 1114 1232 1180 Iccirco

187 1216 357 1299 superflua
394 1214 570 1279 utentibus
609 1213 746 1277 diuinus
785 1232 898 1277 sermo
933 1223 973 1278 ut
1012 1216 1231 1296 suprataxati

190 1335 303 1380 snmus
324 1313 524 1380 terribiliter
543 1321 756 1396 praemonet,
774 1320 813 1377 ut
833 1313 934 1377 buius
955 1314 1085 1378 saeculi
1103 1315 1233 1380 caduca

188 1421 467 1498 contempnentes
491 1414 755 1496 spiritualiaque
776 1414 952 1477 imitantes
969 1414 1133 1479 coelestia
1154 1435 1234 1497 pro·

189 1524 345 1599 petemus
362 1514 405 1578 ad
428 1533 546 1596 regna.
598 1512 831 1592 Quamobrem
849 1533 914 1595 ego
933 1513 1084 1596 Eadgar,
1102 1515 1234 1580 deside-

189 1617 235 1681 rio
255 1615 356 1698 regni
374 1614 533 1678 coelestis
555 1614 739 1690 exardens,
757 1612 895 1677 fauente
917 1633 1067 1696 superno
1084 1616 1233 1692 numine,

189 1717 337 1780 basileus
358 1715 548 1779 industrius
570 1711 763 1796 Anglorum
785 1722 1055 1796 cunctarumque
1081 1716 1233 1796 gentium

189 1816 391 1881 incircuitu
418 1815 687 1898 persistentium,
707 1813 879 1896 quandam
908 1814 997 1877 ruris
1027 1827 1172 1897 partem,
1199 1816 1233 1879 id

190 1925 246 2001 est
268 1917 419 1999 quinque
448 1934 598 1992 mansas,
626 1915 688 1978 illo
709 1914 745 1977 in
767 1914 844 1978 loco
870 1915 929 1996 qui
955 1922 1036 1978 noto
1064 1915 1234 1980 uocabulo

192 2014 333 2081 Afintun
351 2017 560 2091 nominatur,
584 2015 747 2098 dignatus
770 2033 846 2077 sum
868 2014 1001 2096 largiri,
1019 2035 1082 2097 pro
1100 2016 1235 2081 animae

192 2136 283 2182 meae
323 2117 568 2199 redemptione,
608 2115 651 2178 ad
691 2115 935 2178 monasterium
978 2116 1069 2197 quod
1110 2116 1236 2180 dicitur

193 2216 473 2282 Uetustissimum
489 2216 581 2298 quod
599 2216 635 2279 in
644 2215 773 2279 Wenta
788 2216 938 2298 positum
951 2216 1081 2279 sanctis
1098 2224 1235 2298 aposto-

192 2316 231 2381 lis
255 2317 362 2382 Petro
389 2323 424 2381 et
450 2315 564 2380 Paulo
587 2316 781 2380 dedicatum
805 2325 870 2393 est,
891 2323 932 2380 ut
951 2335 1038 2398 grex
1060 2316 1144 2380 inibi
1171 2317 1235 2381 deo

193 2408 343 2482 seruiens
375 2417 502 2498 iugiter
529 2416 623 2480 illam
649 2416 756 2481 libere
783 2417 959 2499 possideat
992 2423 1131 2494 terram,
1158 2437 1233 2480 cum

194 2518 349 2582 omnibus
383 2517 424 2580 ad
456 2537 493 2580 se
521 2517 778 2599 pertinentibus.
843 2517 922 2581 Fiat
957 2519 1046 2582 enim
1080 2519 1237 2601 praefata

193 2624 281 2682 terra
303 2618 348 2682 ab
370 2619 461 2681 omni
487 2617 604 2681 seruili
630 2615 713 2699 ingo
736 2618 856 2694 libera,
883 2638 960 2681 cum
986 2619 1143 2682 omnibus
1170 2621 1235 2683 sibi

193 2719 254 2783 rite
288 2717 553 2801 pertinentibus
582 2718 737 2800 exceptis
773 2717 825 2780 bis
854 2718 975 2795 tribus,
1006 2720 1236 2802 expeditione,

194 2819 305 2901 pontis
327 2818 461 2882 ar'cisue
478 2817 767 2882 coaedificatione.
821 2817 980 2900 Denique
999 2839 1081 2883 uero
1100 2819 1237 2902 siquis,

194 2920 289 2983 nobis
319 2939 388 2982 non
420 2918 635 3001 optantibus,
669 2924 824 2981 nostrum
857 2917 923 2982 boc
955 2919 1081 2982 donum
1112 2919 1236 2984 uiolari

193 3019 426 3084 fraudulenter
444 3017 672 3101 perpetrando
694 3018 916 3095 consenserit,
939 3019 1132 3083 consideret
1158 3021 1237 3084 binc

193 3139 227 3184 se
249 3120 305 3184 die
326 3119 448 3183 ultima
468 3118 586 3182 iudicii
610 3136 724 3182 coram
751 3117 815 3181 deo
833 3119 1000 3182 rationem
1025 3120 1236 3184 redditurum

194 3228 296 3304 atque
316 3239 393 3283 cum
423 3218 577 3300 reprobis
604 3218 729 3300 quibus
755 3217 892 3296 dicitur,
920 3219 1118 3283 ‘Discedite
1138 3240 1160 3283 a
1183 3241 1238 3284 me

194 3320 364 3386 maledicti
386 3320 421 3383 in
443 3319 558 3399 ignem
587 3318 789 3395 aeternum,'
815 3318 935 3400 poenis
963 3320 1137 3383 atrocibus
1162 3340 1238 3385 esse

194 3428 385 3503 passurum,
407 3421 436 3482 si
460 3438 529 3482 non
552 3426 655 3482 antea
673 3438 839 3501 corporea
859 3418 1106 3483 lamentatione
1122 3439 1237 3483 emen·

193 3521 335 3586 dauerit.
401 3519 485 3583 Istis
503 3518 658 3583 terminis
674 3518 852 3601 praedicta
872 3526 963 3583 terra
984 3520 1238 3601 circumgyrata

194 3641 265 3687 esse
293 3620 441 3684 uidetur.
492 3619 555 3682 Dis
578 3619 652 3683 sind
677 3624 725 3683 tta
748 3608 980 3702 landgemaiere
997 3611 1036 3685 to
1054 3611 1235 3685 Afintfine.

196 3722 309 3787 AErest
325 3741 370 3785 on
386 3726 434 3785 ba
450 3715 572 3785 ealdan
591 3719 711 3804 byrig3
735 3720 776 3784 of
783 3708 879 3785 §aare
897 3720 1020 3784 ealdan
1036 3721 1137 3805 byrig
1152 3721 1236 3784 and-

193 3822 272 3905 lang
294 3812 439 3885 stremes
462 3841 507 3884 on
528 3816 640 3884 bonon
663 3819 793 3902 langan
815 3820 909 3894 ford3
948 3821 989 3884 of
1003 3809 1085 3886 tiam
1108 3823 1237 3906 langen

193 3923 288 3988 forda
316 3922 377 3984 inn
406 3941 449 3984 on
475 3920 518 3984 ba
542 3912 621 3995 dic;
655 3920 807 4002 andlang
830 3909 925 3985 aiere
949 3913 1006 3985 dic
1031 3909 1107 3987 east
1131 3925 1237 3990 innon

195 4015 379 4094 randena
404 4021 444 4084 ot
456 4011 622 4086 wadde'ne
646 4021 798 4103 andlang
819 4012 914 4086 aare
937 4013 1021 4102 rode
1043 4022 1146 4087 innon
1169 4045 1236 4108 syx

194 4142 336 4201 aeceres3
361 4121 401 4185 of
413 4141 479 4203 syx
498 4141 639 4186 aeceraen
659 4120 699 4183 of
706 4112 824 4186 aaaron
842 4122 961 4187 uferen
977 4114 1086 4204 legae3
1105 4124 1145 4188 of
1154 4115 1235 4191 tiam
