2850 4876
437 346 610 395 culrrsn
633 346 978 398 nucnossxonrcsn.
1173 333 1236 397 141

183 505 391 571 honorificas
415 524 480 568 suo
512 504 634 568 factori
664 503 845 568 exsoluere
875 523 943 568 non
972 512 1025 568 est
1050 513 1234 571 cunctatus

183 607 326 686 gratias,
339 604 421 688 quid
438 612 574 669 constat
590 603 682 679 mibi,
700 605 744 668 ab
759 604 835 685 ipso
850 605 1003 668 omnium
1018 605 1235 671 distributori

183 705 392 788 dignitatum
406 712 461 769 sat
474 703 680 769 redundanti
695 703 823 769 collata
838 710 1024 785 potestate,
1039 724 1060 768 a
1076 705 1233 788 plebibus

182 825 322 888 quoque
351 824 440 888 quae
466 813 605 869 nostrae
627 803 737 886 regali
764 803 1032 887 circumquaque
1055 805 1236 870 subiacent

182 904 308 969 dicioni
332 904 494 969 AEselred
523 902 758 986 agnominato,
781 891 815 967 si
836 910 872 966 et
894 903 1084 986 supradicti
1114 926 1234 971 norma

184 1005 273 1069 uatis
291 1005 400 1087 ipsius
417 1024 540 1067 nomen
557 1004 665 1085 digna
684 1001 853 1068 extollere
875 1002 977 1067 laude
995 1023 1063 1067 non
1079 1005 1235 1070 differam

184 1105 442 1187 promptissima
466 1104 662 1179 deuotione,
678 1123 721 1166 ea
740 1122 830 1186 quae
855 1105 899 1166 ab
919 1104 995 1185 ipso
1015 1103 1098 1167 mibi
1116 1105 1159 1169 de
1180 1107 1235 1171 die

184 1204 218 1267 in
248 1204 341 1269 diem
367 1205 588 1288 proueniunt,
615 1202 687 1266 suis
716 1209 820 1286 prout
848 1203 1014 1286 cuiusque
1045 1205 1235 1271 necessitas

184 1304 379 1386 poposcerit
403 1303 639 1369 distribuendo
663 1302 840 1381 fidelibus;
865 1322 984 1366 uerum
1006 1309 1045 1367 ut
1065 1307 1235 1369 sermonis

185 1403 320 1468 initium
338 1403 380 1467 ad
402 1411 534 1468 certum
552 1403 761 1486 perducatur
780 1402 894 1478 finem,
910 1403 1082 1486 quandam
1097 1424 1235 1487 posses·-

185 1503 291 1568 sionis
311 1505 471 1586 propriae
493 1502 651 1568 tellurem
676 1519 756 1567 .xx.
780 1503 911 1567 scilicet
928 1523 969 1567 ac
993 1519 1073 1567 nur.
1100 1524 1235 1570 mansa-

185 1623 261 1666 rum
279 1605 323 1668 ab
340 1604 509 1686 indigenis
532 1610 580 1666 eet
604 1602 795 1666 Dumoltun
817 1602 1039 1685 appellatam,
1056 1604 1235 1689 tribusque

171 1703 219 1766 vin
254 1704 338 1767 locis
374 1705 609 1780 disiacentem,
644 1721 721 1766 meo
754 1702 937 1767 admodum
977 1703 1070 1767 fideli
1103 1705 1234 1788 largior

187 1803 432 1886 archipraesuli
460 1803 616 1879 AElfrico‚
648 1820 752 1885 quam
779 1802 852 1884 ipse
882 1821 903 1865 a
928 1822 1084 1867 mecum
1111 1815 1158 1871 .1⁸.
1182 1813 1235 1870 ta-

187 1901 288 1967 lentis
314 1904 479 1986 exigebat
502 1903 697 1986 ponderosa
727 1902 962 1965 trutinationis
994 1904 1130 1984 publice
1156 1925 1236 1987 pro·

186 2002 276 2067 batis
287 2003 503 2082 liberatione3
518 2022 608 2086 qnae
621 2002 734 2085 portio
749 2009 860 2064 terrae
871 2002 1050 2066 cuiusdam
1065 2003 1234 2069 foeminae

186 2102 369 2167 fornicaria
403 2101 698 2186 praeuaricatione
733 2100 886 2165 mihimet
917 2102 1054 2184 uulgari
1090 2105 1236 2170 subacta

187 2210 239 2266 est
263 2203 459 2268 traditione.
513 2201 638 2285 Itaque
660 2209 699 2265 ut
720 2201 870 2265 diximus
893 2203 1047 2266 terminis
1070 2202 1236 2269 diuiditur

187 2301 220 2365 in
237 2302 324 2365 locis
343 2320 390 2366 .x.
409 2310 445 2367 et
463 2319 536 2367 ,v11.
551 2303 587 2366 in
605 2300 809 2368 occidentali
825 2309 923 2384 parte
942 2302 1090 2366 fluminis
1109 2304 1236 2387 Esing·

186 2401 332 2478 burnan,
345 2403 524 2466 continens
539 2421 689 2479 mansas,
705 2419 746 2464 ac
761 2400 847 2464 duas
860 2400 894 2465 in
910 2403 1069 2466 orientali
1083 2404 1233 2469 eiusdem

189 2503 351 2573 torrentis
375 2503 525 2578 climate,
553 2510 645 2566 sorte
669 2521 866 2566 communes
890 2501 1050 2584 populari
1079 2512 1126 2570 aet
1150 2504 1237 2570 Eas-

188 2608 280 2679 tune,
309 2604 442 2667 necnon
466 2609 502 2667 et
526 2619 571 2666 Ν.
597 2601 683 2666 locis
710 2601 877 2666 siluaticis
903 2603 938 2666 in
962 2609 1109 2684 utraque
1135 2613 1234 2687 parte

187 2702 290 2765 riuuli
306 2703 366 2784 qui
382 2701 565 2766 Pidunella
580 2700 787 2784 appellatur,
800 2701 969 2785 huiusque
984 2722 1154 2785 agnomen
1168 2705 1235 2771 loci

187 2810 234 2866 aet
259 2801 414 2866 Fleferbt
437 2801 573 2865 dicitur.
620 2801 666 2864 Et
687 2799 752 2865 hoc
774 2801 955 2866 delinimus
978 2812 1017 2866 ut
1038 2805 1235 2886 praedictus

187 2901 344 2983 pontifex
370 2902 435 2966 hoc
453 2902 580 2965 donum
600 2901 666 2964 sibi
682 2900 846 2982 quamdiu
863 2903 1005 2980 uixerit,
1027 2924 1106 2967 cum
1124 2907 1232 2970 omni·

186 3002 252 3064 bus
280 3002 323 3066 ad
352 3023 389 3066 se
417 3002 482 3065 rite
508 2999 771 3084 pertinentibus
800 3003 942 3083 campis,
970 3003 1081 3080 siluis,
1112 3007 1234 3088 pratia,

187 3102 337 3182 pascuis,
356 3101 580 3183 confiniisque
602 3099 771 3164 siluaticis
792 3102 883 3163 omni
905 3102 1070 3168 mundiali
1091 3107 1234 3173 seruitio

165 3201 362 3283 possideat
395 3202 616 3277 liberrimum,
650 3199 761 3263 tribus
799 3201 966 3281 exceptis,
1003 3204 1234 3286 expeditione,

188 3303 277 3365 arcis
301 3321 361 3364 seu
387 3302 500 3384 pontis
528 3299 793 3365 constructione.
852 3298 928 3377 Qui
949 3319 1032 3364 uero
1056 3303 1121 3367 hoc
1146 3325 1233 3390 aug-

188 3408 339 3465 mentare
373 3399 534 3478 uoluerit,
573 3406 742 3480 augeatur
776 3399 809 3462 ei
843 3399 1036 3463 benedictio
1072 3420 1233 3484 superna.

188 3500 258 3580 Qui
289 3509 405 3565 autem
428 3501 580 3563 minuere
611 3499 832 3582 temptauerit
857 3500 914 3564 uel
943 3498 1037 3563 aliud
1062 3501 1143 3583 quid
1175 3504 1233 3568 ad-

187 3600 356 3665 inuenerit
379 3599 645 3676 contrarietatis,
669 3618 730 3663 seu
756 3599 985 3682 antiquiorem
1008 3600 1123 3664 forsan
1155 3622 1234 3684 pro·

187 3700 327 3765 duxerit
355 3699 541 3776 scedulam,
573 3718 594 3763 a
623 3698 879 3764 christianismo
914 3700 1233 3782 anathematizetur,

186 3799 425 3882 latrociniique
442 3800 582 3864 crimine
595 3799 797 3881 obiurgetur
817 3800 854 3862 ni
873 3800 1078 3881 quantocius
1096 3801 1233 3884 resipis-

186 3908 253 3966 cat.
323 3899 392 3962 His
424 3900 523 3963 metis
561 3899 644 3962 haec
680 3898 783 3962 tellus
820 3899 980 3980 cingitur.
1048 3900 1165 3965 AErest
1195 3894 1233 3967 t6

185 3992 382 4065 Dumeltsm
409 3988 530 4063 eastan
556 4018 602 4063 on
628 3997 893 4078 Esingburnau;
917 4004 1032 4062 hanon
1059 3989 1173 4065 suiten
1197 4003 1239 4068 of

183 4101 429 4182 Esingburnan
446 4097 689 4161 westweardes
704 4096 857 4178 andlang
876 4087 988 4172 dices3
1007 4101 1079 4164 ’eset
1093 4091 1168 4166 swa
1183 4095 1233 4188 ἥρ
