2850 4876
376 372 550 422 enarras
576 373 922 438 snenossxomcsn.
1117 361 1181 424 185

517 631 795 698 MCGCXXII.

519 781 668 858 cNUT,
691 781 788 845 1035.

256 931 387 996 Omnis
407 949 499 1013 quae
521 930 577 995 hic
592 930 751 994 humanis
770 931 1033 996 considerantur
1049 932 1179 998 obtuti-

135 936 234 1190 ἓ
263 1033 341 1108 bus,
356 1037 430 1094 tam
447 1031 638 1112 praeterita
658 1041 731 1094 tam
752 1031 854 1094 etiarn
878 1031 1076 1113 praesentia
1099 1053 1180 1098 nec-

265 1151 336 1195 non
363 1129 493 1206 futura,
514 1129 711 1194 festinando
731 1130 859 1212 iugiter
874 1130 917 1194 de
941 1131 998 1196 die
1020 1132 1179 1211 indiam,

128 1232 199 1295 sine
224 1230 299 1294 ulla
323 1229 491 1294 dilatione
515 1226 691 1293 declinant
710 1229 755 1293 ad
776 1230 924 1308 ruinam,
943 1230 1180 1313 rapidissimo-

128 1350 193 1413 que
218 1348 326 1394 cursu
348 1347 518 1393 annornm
540 1347 618 1392 cum
643 1329 819 1393 mensibus
844 1330 1049 1412 temporalia
1071 1331 1180 1414 siqui·

127 1430 204 1496 dem
233 1434 392 1512 tempora
429 1427 587 1510 fugitiuis
618 1428 832 1492 incessanter
861 1429 955 1493 horis
992 1440 1181 1513 properant

127 1531 169 1594 ad
183 1530 298 1592 finem.
344 1527 796 1609 Quapropterdispensanti
813 1528 951 1592 domino
967 1529 1083 1593 omnia
1101 1550 1179 1614 reg·

127 1649 249 1694 norum
273 1635 387 1692 terrae
413 1646 531 1708 regna,
554 1646 619 1708 ego
643 1626 736 1691 Cnut
760 1647 823 1690 rex
850 1626 1057 1710 Anglorum,
1082 1631 1181 1694 solli-

128 1729 197 1792 cita
211 1735 328 1791 mente
344 1726 531 1808 cogitando
546 1727 763 1808 perscrutaui
777 1727 995 1809 profuturum
1010 1747 1052 1792 ac
1063 1738 1181 1795 neces-

128 1829 259 1891 sarium
281 1846 370 1903 esse,
390 1845 469 1889 cum
487 1825 540 1888 his
559 1826 767 1890 transitoriis
790 1846 831 1889 ac
852 1827 992 1892 minime
1009 1831 1180 1894 mansuris

128 1927 262 1993 diuitiis
279 1932 449 2009 perpetua
464 1932 569 2006 atque
584 1925 713 2006 iugiter
732 1928 991 2007 perseuerantia
1005 1927 1181 1992 coelorum

128 2027 285 2109 praemia
300 2025 527 2107 adquirerem.
581 2023 713 2088 Iccirco
728 2026 791 2088 tali
804 2027 971 2090 memoria
990 2028 1179 2092 instructus

128 2133 235 2208 atque
246 2111 401 2189 meorum
413 2125 532 2207 utique
541 2114 797 2188 antecessorum
808 2127 990 2190 roboratus
1000 2127 1180 2209 exemplis,

128 2225 281 2307 aliquam
297 2230 410 2288 terrae
427 2230 572 2306 partem,
588 2223 624 2286 id
641 2231 693 2287 est
710 2241 796 2288 .xvn
812 2245 963 2302 mansas,
978 2226 1014 2288 in
1029 2226 1106 2290 loco
1121 2229 1182 2309 qui

131 2325 270 2407 uulgari
300 2325 427 2387 dicitur
460 2323 719 2405 Corigescumb,
752 2324 1000 2389 famosissimae
1030 2325 1182 2392 familiae

130 2423 381 2488 uenerabilium
414 2422 561 2486 fratrum
589 2424 624 2486 in
657 2423 718 2487 illo
741 2433 863 2488 sancto
892 2445 934 2488 ac
959 2424 1181 2491 celeberrimo

131 2522 207 2588 loco
221 2523 500 2586 Scireburnensis
513 2522 714 2599 aecclesiae,
724 2524 843 2589 libenti
859 2524 985 2602 animo,
995 2524 1060 2589 deo
1071 2526 1180 2589 omni·

132 2623 266 2704 potenti
280 2630 316 2687 et
333 2629 474 2686 sanctae
490 2621 625 2686 Mariae
641 2641 777 2705 semper
792 2625 950 2706 uirginis,
965 2624 1066 2688 hilari
1081 2625 1182 2689 uultu

132 2729 314 2802 menteque
331 2721 523 2803 praeclara,
541 2723 692 2785 concedo
709 2742 773 2805 pro
794 2724 1028 2807 redemptione
1046 2725 1181 2789 animae

132 2839 227 2884 meae
245 2827 281 2883 et
298 2821 478 2884 criminum
501 2841 654 2884 meorum
678 2823 905 2901 absolutione,
928 2844 1005 2888 cum
1021 2825 1181 2889 omnibus

135 2921 234 2985 bonis
250 2919 295 2984 ad
318 2939 474 2983 mensam
495 2921 707 2984 coenobialis
722 2922 816 2985 uitae
834 2923 998 2988 fratribus
1025 2924 1089 2987 deo
1107 2944 1179 2988 ser-

132 3020 304 3083 uientibus
327 3020 475 3100 largitus
497 3039 586 3097 sum,
610 3020 773 3102 quatinus
795 3021 846 3084 illi
868 3023 989 3086 famuli
1009 3023 1064 3087 dei
1087 3024 1180 3106 apud

133 3119 340 3182 altissimum
364 3119 465 3181 deum
494 3139 631 3200 semper
656 3119 803 3182 fundant
828 3140 960 3201 preces,
989 3129 1025 3186 et
1054 3123 1181 3188 cotidie

135 3218 295 3299 flagitant
313 3218 415 3281 deum
436 3218 470 3281 in
491 3218 691 3300 psalmodiis
714 3225 749 3282 et
772 3219 953 3282 missarum
977 3221 1179 3288 celebratio·

134 3319 247 3393 nibus,
262 3337 325 3398 pro
342 3317 553 3381 facinoribus
566 3319 664 3396 meis,
679 3323 719 3380 ut
732 3324 812 3400 post
828 3318 961 3382 obitum
982 3339 1096 3383 meum
1120 3332 1181 3404 per

134 3417 414 3485 misericordiam,
441 3417 497 3480 dei
534 3423 569 3480 et
599 3437 662 3500 per
699 3436 817 3481 eorum
856 3424 977 3482 sancta
1016 3418 1181 3501 suffragia

134 3517 261 3599 possim
286 3516 330 3580 ad
352 3536 460 3598 regna
477 3516 650 3580 coelorum
669 3516 861 3599 peruenire.
914 3518 959 3581 Et
981 3518 1012 3580 si
1027 3536 1180 3600 unquam

36 3702 39 3707 Ι
136 3616 330 3697 contigerit,
348 3617 440 3698 quod
457 3615 560 3693 absit,
578 3624 659 3681 ante
676 3617 733 3681 uel
751 3637 840 3694 sero,
852 3617 977 3699 aliquis
994 3616 1181 3695 hominum,

134 3716 207 3779 sina
224 3716 405 3797 episcopus
427 3717 501 3780 siue
521 3714 643 3793 laicus,
664 3716 753 3789 hanc
775 3737 887 3782 meam
904 3717 1055 3799 regalem
1072 3716 1181 3780 dona·

134 3815 262 3879 tionem
276 3822 312 3879 et
327 3814 548 3879 elemosinam
563 3815 749 3897 infringere
761 3817 818 3880 uel
829 3817 982 3880 minuere
991 3815 1180 3893 conauerit,

135 3912 338 3999 [alienatus]
354 3915 434 3979 sita
450 3915 625 3979 consortio
638 3914 769 3979 Christi
785 3915 973 3980 aecclesiae
988 3923 1023 3980 et
1034 3915 1180 3996 collegio

135 4016 285 4079 omniurn
296 4021 505 4091 sanctorum,
516 4019 550 4076 et
561 4014 595 4076 in
606 4013 730 4077 inferni
740 4014 938 4079 barathrum
950 4015 1180 4094 demergatur.

135 4113 187 4180 Sit
201 4119 319 4178 autem
338 4114 601 4195 praenominata
614 4118 709 4176 terra
722 4113 832 4178 libera
849 4114 893 4177 ab
909 4114 1003 4178 omni
1018 4113 1184 4179 mundiali
