<?xml version="1.0" encoding="UTF-8"?>
<!DOCTYPE html PUBLIC "-//W3C//DTD XHTML 1.0 Transitional//EN"
    "http://www.w3.org/TR/xhtml1/DTD/xhtml1-transitional.dtd">
<html xmlns="http://www.w3.org/1999/xhtml" xml:lang="en" lang="en">
 <head>
  <title>
</title>
<meta http-equiv="Content-Type" content="text/html;charset=utf-8" />
  <meta name='ocr-system' content='tesseract 3.04.00' />
  <meta name='ocr-capabilities' content='ocr_page ocr_carea ocr_par ocr_line ocrx_word'/>
</head>
<body>
  <div class='ocr_page' id='page_1' title='image "./codexdiplomatic01kembgoog_0214.png"; bbox 0 0 2850 4876; ppageno 0'>
   <div class='ocr_carea' id='block_1_1' title="bbox 397 369 1188 434">
    <p class='ocr_par' dir='ltr' id='par_1_1' title="bbox 397 369 1188 434">
     <span class='ocr_line' id='line_1_1' title="bbox 397 369 1188 434; baseline 0.014 -10"><span class='ocrx_word' id='word_1_1' title='bbox 397 375 572 425; x_wconf 79' lang='lat' dir='ltr'><strong>caaaran</strong></span> <span class='ocrx_word' id='word_1_2' title='bbox 593 376 941 431; x_wconf 71' lang='lat' dir='ltr'><strong>succosuxonroan.</strong></span> <span class='ocrx_word' id='word_1_3' title='bbox 1122 369 1188 434; x_wconf 85' lang='grc'><strong>167</strong></span> 
     </span>
    </p>
   </div>
   <div class='ocr_carea' id='block_1_2' title="bbox 126 530 1186 1094">
    <p class='ocr_par' dir='ltr' id='par_1_2' title="bbox 126 530 1186 1094">
     <span class='ocr_line' id='line_1_2' title="bbox 131 530 1186 625; baseline 0.013 -32"><span class='ocrx_word' id='word_1_4' title='bbox 131 530 340 613; x_wconf 82' lang='lat' dir='ltr'><strong>cipiantibus</strong></span> <span class='ocrx_word' id='word_1_5' title='bbox 353 534 566 615; x_wconf 80' lang='lat' dir='ltr'><strong>perscribere</strong></span> <span class='ocrx_word' id='word_1_6' title='bbox 580 536 677 600; x_wconf 85' lang='lat' dir='ltr'><strong>iussi.</strong></span> <span class='ocrx_word' id='word_1_7' title='bbox 710 537 858 621; x_wconf 80' lang='lat' dir='ltr'><strong>AElfsige</strong></span> <span class='ocrx_word' id='word_1_8' title='bbox 875 542 1069 625; x_wconf 83' lang='lat' dir='ltr'><strong>episcopus.</strong></span> <span class='ocrx_word' id='word_1_9' title='bbox 1096 541 1186 607; x_wconf 84' lang='lat' dir='ltr'><strong>Ger·</strong></span> 
     </span>
     <span class='ocr_line' id='line_1_3' title="bbox 129 631 1184 720; baseline 0.012 -27"><span class='ocrx_word' id='word_1_10' title='bbox 129 649 266 708; x_wconf 91' lang='lat' dir='ltr'><strong>manus,</strong></span> <span class='ocrx_word' id='word_1_11' title='bbox 282 631 482 714; x_wconf 80' lang='lat' dir='ltr'><strong>Brightred,</strong></span> <span class='ocrx_word' id='word_1_12' title='bbox 495 633 687 715; x_wconf 87' lang='lat' dir='ltr'><strong>Godeman,</strong></span> <span class='ocrx_word' id='word_1_13' title='bbox 699 638 859 720; x_wconf 86' lang='lat' dir='ltr'><strong>AElfsige,</strong></span> <span class='ocrx_word' id='word_1_14' title='bbox 872 640 1059 720; x_wconf 90' lang='lat' dir='ltr'><strong>Bribtmer,</strong></span> <span class='ocrx_word' id='word_1_15' title='bbox 1070 642 1184 707; x_wconf 87' lang='lat' dir='ltr'><strong>Wuls-</strong></span> 
     </span>
     <span class='ocr_line' id='line_1_4' title="bbox 126 731 1183 821; baseline 0.013 -29"><span class='ocrx_word' id='word_1_16' title='bbox 126 748 204 811; x_wconf 82' lang='lat' dir='ltr'><strong>gar,</strong></span> <span class='ocrx_word' id='word_1_17' title='bbox 236 731 393 798; x_wconf 78' lang='lat' dir='ltr'><strong>abbates.</strong></span> <span class='ocrx_word' id='word_1_18' title='bbox 460 733 598 813; x_wconf 76' lang='lat' dir='ltr'><strong>Rodiis,</strong></span> <span class='ocrx_word' id='word_1_19' title='bbox 631 735 831 821; x_wconf 85' lang='lat' dir='ltr'><strong>Leofwyne,</strong></span> <span class='ocrx_word' id='word_1_20' title='bbox 867 740 1013 819; x_wconf 90' lang='lat' dir='ltr'><strong>Uhtred‚</strong></span> <span class='ocrx_word' id='word_1_21' title='bbox 1049 742 1183 819; x_wconf 88' lang='lat' dir='ltr'><strong>AElfric,</strong></span> 
     </span>
     <span class='ocr_line' id='line_1_5' title="bbox 127 829 1183 919; baseline 0.014 -27"><span class='ocrx_word' id='word_1_22' title='bbox 127 829 245 894; x_wconf 88' lang='lat' dir='ltr'><strong>duces.</strong></span> <span class='ocrx_word' id='word_1_23' title='bbox 286 831 450 914; x_wconf 88' lang='lat' dir='ltr'><strong>Ulfcytel‚</strong></span> <span class='ocrx_word' id='word_1_24' title='bbox 464 833 635 914; x_wconf 87' lang='lat' dir='ltr'><strong>Morcare,</strong></span> <span class='ocrx_word' id='word_1_25' title='bbox 650 835 830 918; x_wconf 75' lang='lat' dir='ltr'><strong>Sigeuer’d,</strong></span> <span class='ocrx_word' id='word_1_26' title='bbox 841 840 1008 919; x_wconf 72' lang='lat' dir='ltr'><strong>AE’eelric,</strong></span> <span class='ocrx_word' id='word_1_27' title='bbox 1023 842 1183 908; x_wconf 89' lang='lat' dir='ltr'><strong>ministri.</strong></span> 
     </span>
     <span class='ocr_line' id='line_1_6' title="bbox 127 928 1182 1020; baseline 0.013 -27"><span class='ocrx_word' id='word_1_28' title='bbox 127 928 312 1010; x_wconf 84' lang='lat' dir='ltr'><strong>Godwine,</strong></span> <span class='ocrx_word' id='word_1_29' title='bbox 351 931 540 1011; x_wconf 85' lang='lat' dir='ltr'><strong>Leofwine,</strong></span> <span class='ocrx_word' id='word_1_30' title='bbox 572 935 725 1018; x_wconf 77' lang='lat' dir='ltr'><strong>Iaeossig‚</strong></span> <span class='ocrx_word' id='word_1_31' title='bbox 764 937 941 1017; x_wconf 89' lang='lat' dir='ltr'><strong>Eadwine,</strong></span> <span class='ocrx_word' id='word_1_32' title='bbox 977 941 1182 1020; x_wconf 74' lang='lat' dir='ltr'><strong>AE’eelwine,</strong></span> 
     </span>
     <span class='ocr_line' id='line_1_7' title="bbox 127 1029 269 1094; baseline 0.007 -1"><span class='ocrx_word' id='word_1_33' title='bbox 127 1029 269 1094; x_wconf 82' lang='lat' dir='ltr'><strong>milites.</strong></span> 
     </span>
    </p>
   </div>
   <div class='ocr_carea' id='block_1_3' title="bbox 460 1231 844 1460">
    <p class='ocr_par' dir='ltr' id='par_1_3' title="bbox 460 1231 844 1460">
     <span class='ocr_line' id='line_1_8' title="bbox 551 1231 762 1298; baseline 0.009 -2"><span class='ocrx_word' id='word_1_34' title='bbox 551 1231 762 1298; x_wconf 74' lang='lat' dir='ltr'><strong>mccclx.</strong></span> 
     </span>
     <span class='ocr_line' id='line_1_9' title="bbox 460 1378 844 1460; baseline 0.005 -14"><span class='ocrx_word' id='word_1_35' title='bbox 460 1378 722 1460; x_wconf 83' lang='lat' dir='ltr'><strong>AEDELRED,</strong></span> <span class='ocrx_word' id='word_1_36' title='bbox 747 1382 844 1449; x_wconf 79' lang='lat'>1014.</span> 
     </span>
    </p>
   </div>
   <div class='ocr_carea' id='block_1_4' title="bbox 124 1529 1179 3710">
    <p class='ocr_par' dir='ltr' id='par_1_4' title="bbox 124 1529 1179 3710">
     <span class='ocr_line' id='line_1_10' title="bbox 184 1529 1179 1617; baseline 0.004 -22"><span class='ocrx_word' id='word_1_37' title='bbox 184 1533 224 1613; x_wconf 72' lang='lat'><strong>›1‹</strong></span> <span class='ocrx_word' id='word_1_38' title='bbox 253 1529 464 1597; x_wconf 79' lang='lat' dir='ltr'><strong>Annunnrn</strong></span> <span class='ocrx_word' id='word_1_39' title='bbox 490 1532 547 1598; x_wconf 88' lang='lat' dir='ltr'><strong>dei</strong></span> <span class='ocrx_word' id='word_1_40' title='bbox 573 1532 685 1616; x_wconf 86' lang='lat' dir='ltr'><strong>patris</strong></span> <span class='ocrx_word' id='word_1_41' title='bbox 708 1531 874 1597; x_wconf 85' lang='lat' dir='ltr'><strong>ineffabili</strong></span> <span class='ocrx_word' id='word_1_42' title='bbox 899 1532 1068 1598; x_wconf 82' lang='lat' dir='ltr'><strong>humanae</strong></span> <span class='ocrx_word' id='word_1_43' title='bbox 1088 1536 1179 1617; x_wconf 88' lang='lat' dir='ltr'><strong>proli</strong></span> 
     </span>
     <span class='ocr_line' id='line_1_11' title="bbox 130 1630 1179 1715; baseline 0.004 -20"><span class='ocrx_word' id='word_1_44' title='bbox 130 1630 323 1708; x_wconf 88' lang='lat' dir='ltr'><strong>clementia,</strong></span> <span class='ocrx_word' id='word_1_45' title='bbox 341 1651 411 1714; x_wconf 90' lang='lat' dir='ltr'><strong>qua</strong></span> <span class='ocrx_word' id='word_1_46' title='bbox 430 1631 609 1698; x_wconf 89' lang='lat' dir='ltr'><strong>annullato</strong></span> <span class='ocrx_word' id='word_1_47' title='bbox 630 1632 838 1715; x_wconf 77' lang='lat' dir='ltr'><strong>protoplasti</strong></span> <span class='ocrx_word' id='word_1_48' title='bbox 853 1632 1003 1715; x_wconf 89' lang='lat' dir='ltr'><strong>piaculo,</strong></span> <span class='ocrx_word' id='word_1_49' title='bbox 1017 1635 1179 1700; x_wconf 90' lang='lat' dir='ltr'><strong>ammira·</strong></span> 
     </span>
     <span class='ocr_line' id='line_1_12' title="bbox 129 1731 1177 1814; baseline 0.004 -19"><span class='ocrx_word' id='word_1_50' title='bbox 129 1731 197 1795; x_wconf 90' lang='lat' dir='ltr'><strong>bile</strong></span> <span class='ocrx_word' id='word_1_51' title='bbox 212 1731 387 1814; x_wconf 87' lang='lat' dir='ltr'><strong>quoddam</strong></span> <span class='ocrx_word' id='word_1_52' title='bbox 402 1732 531 1796; x_wconf 90' lang='lat' dir='ltr'><strong>mundo</strong></span> <span class='ocrx_word' id='word_1_53' title='bbox 545 1733 663 1810; x_wconf 90' lang='lat' dir='ltr'><strong>decus,</strong></span> <span class='ocrx_word' id='word_1_54' title='bbox 673 1740 833 1797; x_wconf 85' lang='lat' dir='ltr'><strong>aeternae</strong></span> <span class='ocrx_word' id='word_1_55' title='bbox 845 1741 1039 1797; x_wconf 86' lang='lat' dir='ltr'><strong>consortem</strong></span> <span class='ocrx_word' id='word_1_56' title='bbox 1053 1733 1177 1799; x_wconf 90' lang='lat' dir='ltr'><strong>maies-</strong></span> 
     </span>
     <span class='ocr_line' id='line_1_13' title="bbox 130 1830 1177 1915; baseline 0.004 -20"><span class='ocrx_word' id='word_1_57' title='bbox 130 1832 213 1895; x_wconf 89' lang='lat' dir='ltr'><strong>tatis</strong></span> <span class='ocrx_word' id='word_1_58' title='bbox 232 1830 341 1894; x_wconf 91' lang='lat' dir='ltr'><strong>filium</strong></span> <span class='ocrx_word' id='word_1_59' title='bbox 364 1832 500 1896; x_wconf 87' lang='lat' dir='ltr'><strong>mittere</strong></span> <span class='ocrx_word' id='word_1_60' title='bbox 519 1832 682 1914; x_wconf 82' lang='lat' dir='ltr'><strong>dignatus</strong></span> <span class='ocrx_word' id='word_1_61' title='bbox 705 1838 770 1909; x_wconf 91' lang='lat' dir='ltr'><strong>est,</strong></span> <span class='ocrx_word' id='word_1_62' title='bbox 791 1832 851 1915; x_wconf 93' lang='lat' dir='ltr'><strong>qui</strong></span> <span class='ocrx_word' id='word_1_63' title='bbox 873 1840 1029 1896; x_wconf 87' lang='lat' dir='ltr'><strong>terrenae</strong></span> <span class='ocrx_word' id='word_1_64' title='bbox 1051 1835 1177 1899; x_wconf 90' lang='lat' dir='ltr'><strong>condo·</strong></span> 
     </span>
     <span class='ocr_line' id='line_1_14' title="bbox 128 1931 1177 2014; baseline 0.003 -20"><span class='ocrx_word' id='word_1_65' title='bbox 128 1931 203 1994; x_wconf 90' lang='lat' dir='ltr'><strong>leus</strong></span> <span class='ocrx_word' id='word_1_66' title='bbox 236 1931 419 2013; x_wconf 83' lang='lat' dir='ltr'><strong>fragilitati</strong></span> <span class='ocrx_word' id='word_1_67' title='bbox 453 1932 648 1997; x_wconf 85' lang='lat' dir='ltr'><strong>custoditae</strong></span> <span class='ocrx_word' id='word_1_68' title='bbox 690 1951 752 2014; x_wconf 90' lang='lat' dir='ltr'><strong>per</strong></span> <span class='ocrx_word' id='word_1_69' title='bbox 792 1931 939 2012; x_wconf 84' lang='lat' dir='ltr'><strong>uirginei</strong></span> <span class='ocrx_word' id='word_1_70' title='bbox 976 1933 1177 2014; x_wconf 88' lang='lat' dir='ltr'><strong>pudicitiam</strong></span> 
     </span>
     <span class='ocr_line' id='line_1_15' title="bbox 129 2029 1179 2114; baseline 0.002 -20"><span class='ocrx_word' id='word_1_71' title='bbox 129 2029 274 2105; x_wconf 82' lang='lat' dir='ltr'><strong>flosculi,</strong></span> <span class='ocrx_word' id='word_1_72' title='bbox 301 2031 408 2095; x_wconf 85' lang='lat' dir='ltr'><strong>affatu</strong></span> <span class='ocrx_word' id='word_1_73' title='bbox 433 2031 590 2113; x_wconf 87' lang='lat' dir='ltr'><strong>angelico</strong></span> <span class='ocrx_word' id='word_1_74' title='bbox 617 2030 761 2114; x_wconf 79' lang='lat' dir='ltr'><strong>uirginis</strong></span> <span class='ocrx_word' id='word_1_75' title='bbox 789 2032 943 2095; x_wconf 87' lang='lat' dir='ltr'><strong>claustra</strong></span> <span class='ocrx_word' id='word_1_76' title='bbox 966 2032 1179 2111; x_wconf 90' lang='lat' dir='ltr'><strong>subintrans,</strong></span> 
     </span>
     <span class='ocr_line' id='line_1_16' title="bbox 130 2130 1177 2213; baseline 0.002 -19"><span class='ocrx_word' id='word_1_77' title='bbox 130 2149 242 2194; x_wconf 88' lang='lat' dir='ltr'><strong>nouae</strong></span> <span class='ocrx_word' id='word_1_78' title='bbox 257 2130 503 2195; x_wconf 87' lang='lat' dir='ltr'><strong>incarnationis</strong></span> <span class='ocrx_word' id='word_1_79' title='bbox 518 2132 708 2196; x_wconf 87' lang='lat' dir='ltr'><strong>misterium</strong></span> <span class='ocrx_word' id='word_1_80' title='bbox 717 2151 754 2195; x_wconf 93' lang='lat' dir='ltr'><strong>se</strong></span> <span class='ocrx_word' id='word_1_81' title='bbox 769 2132 976 2196; x_wconf 88' lang='lat' dir='ltr'><strong>ostentando</strong></span> <span class='ocrx_word' id='word_1_82' title='bbox 988 2131 1177 2213; x_wconf 87' lang='lat' dir='ltr'><strong>dedicauit;</strong></span> 
     </span>
     <span class='ocr_line' id='line_1_17' title="bbox 129 2230 1176 2313; baseline 0.001 -19"><span class='ocrx_word' id='word_1_83' title='bbox 129 2230 314 2294; x_wconf 85' lang='lat' dir='ltr'><strong>ostendens</strong></span> <span class='ocrx_word' id='word_1_84' title='bbox 334 2250 384 2307; x_wconf 90' lang='lat' dir='ltr'><strong>se,</strong></span> <span class='ocrx_word' id='word_1_85' title='bbox 405 2230 506 2294; x_wconf 91' lang='lat' dir='ltr'><strong>dictis</strong></span> <span class='ocrx_word' id='word_1_86' title='bbox 527 2232 712 2295; x_wconf 89' lang='lat' dir='ltr'><strong>uerborum</strong></span> <span class='ocrx_word' id='word_1_87' title='bbox 736 2231 906 2313; x_wconf 82' lang='lat' dir='ltr'><strong>factisque</strong></span> <span class='ocrx_word' id='word_1_88' title='bbox 933 2231 1176 2295; x_wconf 88' lang='lat' dir='ltr'><strong>miraculorum</strong></span> 
     </span>
     <span class='ocr_line' id='line_1_18' title="bbox 128 2329 1178 2412; baseline 0.001 -18"><span class='ocrx_word' id='word_1_89' title='bbox 128 2331 254 2412; x_wconf 87' lang='lat' dir='ltr'><strong>quibus</strong></span> <span class='ocrx_word' id='word_1_90' title='bbox 275 2329 395 2394; x_wconf 87' lang='lat' dir='ltr'><strong>deifice</strong></span> <span class='ocrx_word' id='word_1_91' title='bbox 414 2330 580 2411; x_wconf 88' lang='lat' dir='ltr'><strong>pollebat,</strong></span> <span class='ocrx_word' id='word_1_92' title='bbox 598 2331 771 2395; x_wconf 90' lang='lat' dir='ltr'><strong>dominum</strong></span> <span class='ocrx_word' id='word_1_93' title='bbox 787 2331 894 2395; x_wconf 85' lang='lat' dir='ltr'><strong>totius</strong></span> <span class='ocrx_word' id='word_1_94' title='bbox 909 2330 1028 2394; x_wconf 91' lang='lat' dir='ltr'><strong>mundi</strong></span> <span class='ocrx_word' id='word_1_95' title='bbox 1044 2338 1178 2395; x_wconf 90' lang='lat' dir='ltr'><strong>creato-</strong></span> 
     </span>
     <span class='ocr_line' id='line_1_19' title="bbox 128 2430 1176 2511; baseline 0.001 -17"><span class='ocrx_word' id='word_1_96' title='bbox 128 2449 212 2507; x_wconf 90' lang='lat' dir='ltr'><strong>rem,</strong></span> <span class='ocrx_word' id='word_1_97' title='bbox 239 2448 366 2493; x_wconf 87' lang='lat' dir='ltr'><strong>curans</strong></span> <span class='ocrx_word' id='word_1_98' title='bbox 391 2430 543 2494; x_wconf 92' lang='lat' dir='ltr'><strong>omnium</strong></span> <span class='ocrx_word' id='word_1_99' title='bbox 568 2430 751 2511; x_wconf 90' lang='lat' dir='ltr'><strong>imperanti</strong></span> <span class='ocrx_word' id='word_1_100' title='bbox 776 2450 933 2495; x_wconf 90' lang='lat' dir='ltr'><strong>sermone</strong></span> <span class='ocrx_word' id='word_1_101' title='bbox 959 2430 1176 2495; x_wconf 83' lang='lat' dir='ltr'><strong>infirmitates</strong></span> 
     </span>
     <span class='ocr_line' id='line_1_20' title="bbox 128 2529 1175 2613; baseline 0.001 -19"><span class='ocrx_word' id='word_1_102' title='bbox 128 2531 418 2611; x_wconf 82' lang='lat' dir='ltr'><strong>aegrotationum,</strong></span> <span class='ocrx_word' id='word_1_103' title='bbox 444 2529 583 2594; x_wconf 90' lang='lat' dir='ltr'><strong>tandem</strong></span> <span class='ocrx_word' id='word_1_104' title='bbox 608 2530 768 2613; x_wconf 86' lang='lat' dir='ltr'><strong>quadrati</strong></span> <span class='ocrx_word' id='word_1_105' title='bbox 787 2551 850 2612; x_wconf 93' lang='lat' dir='ltr'><strong>pro</strong></span> <span class='ocrx_word' id='word_1_106' title='bbox 876 2530 975 2595; x_wconf 89' lang='lat' dir='ltr'><strong>nobis</strong></span> <span class='ocrx_word' id='word_1_107' title='bbox 1000 2529 1175 2612; x_wconf 81' lang='lat' dir='ltr'><strong>perferens</strong></span> 
     </span>
     <span class='ocr_line' id='line_1_21' title="bbox 127 2628 1175 2712; baseline 0.002 -20"><span class='ocrx_word' id='word_1_108' title='bbox 127 2629 299 2712; x_wconf 88' lang='lat' dir='ltr'><strong>supplicia</strong></span> <span class='ocrx_word' id='word_1_109' title='bbox 315 2628 412 2710; x_wconf 84' lang='lat' dir='ltr'><strong>ligni,</strong></span> <span class='ocrx_word' id='word_1_110' title='bbox 434 2630 556 2711; x_wconf 81' lang='lat' dir='ltr'><strong>iugum</strong></span> <span class='ocrx_word' id='word_1_111' title='bbox 576 2628 824 2694; x_wconf 86' lang='lat' dir='ltr'><strong>haereditariae</strong></span> <span class='ocrx_word' id='word_1_112' title='bbox 841 2631 962 2696; x_wconf 91' lang='lat' dir='ltr'><strong>mortis</strong></span> <span class='ocrx_word' id='word_1_113' title='bbox 980 2632 1175 2708; x_wconf 88' lang='lat' dir='ltr'><strong>absumens,</strong></span> 
     </span>
     <span class='ocr_line' id='line_1_22' title="bbox 127 2728 1175 2813; baseline 0.003 -20"><span class='ocrx_word' id='word_1_114' title='bbox 127 2729 184 2793; x_wconf 88' lang='lat' dir='ltr'><strong>diu</strong></span> <span class='ocrx_word' id='word_1_115' title='bbox 202 2728 373 2811; x_wconf 84' lang='lat' dir='ltr'><strong>longeque</strong></span> <span class='ocrx_word' id='word_1_116' title='bbox 389 2730 593 2794; x_wconf 88' lang='lat' dir='ltr'><strong>interdictae</strong></span> <span class='ocrx_word' id='word_1_117' title='bbox 607 2731 776 2794; x_wconf 90' lang='lat' dir='ltr'><strong>reserauit</strong></span> <span class='ocrx_word' id='word_1_118' title='bbox 790 2731 910 2794; x_wconf 91' lang='lat' dir='ltr'><strong>limina</strong></span> <span class='ocrx_word' id='word_1_119' title='bbox 926 2737 1058 2813; x_wconf 80' lang='lat' dir='ltr'><strong>portae</strong></span> <span class='ocrx_word' id='word_1_120' title='bbox 1104 2731 1175 2796; x_wconf 93' lang='lat' dir='ltr'><strong>Pro</strong></span> 
     </span>
     <span class='ocr_line' id='line_1_23' title="bbox 126 2829 1176 2912; baseline 0.004 -19"><span class='ocrx_word' id='word_1_121' title='bbox 126 2829 225 2893; x_wconf 87' lang='lat' dir='ltr'><strong>cuius</strong></span> <span class='ocrx_word' id='word_1_122' title='bbox 256 2829 496 2893; x_wconf 88' lang='lat' dir='ltr'><strong>inenarrabilis</strong></span> <span class='ocrx_word' id='word_1_123' title='bbox 526 2829 657 2911; x_wconf 79' lang='lat' dir='ltr'><strong>gloriae</strong></span> <span class='ocrx_word' id='word_1_124' title='bbox 685 2830 935 2908; x_wconf 88' lang='lat' dir='ltr'><strong>recordatione,</strong></span> <span class='ocrx_word' id='word_1_125' title='bbox 964 2850 1030 2912; x_wconf 86' lang='lat' dir='ltr'><strong>ego</strong></span> <span class='ocrx_word' id='word_1_126' title='bbox 1057 2830 1176 2898; x_wconf 75' lang='lat' dir='ltr'><strong>AEael-</strong></span> 
     </span>
     <span class='ocr_line' id='line_1_24' title="bbox 125 2928 1175 3010; baseline 0.003 -18"><span class='ocrx_word' id='word_1_127' title='bbox 125 2929 240 3007; x_wconf 85' lang='lat' dir='ltr'><strong>rodus,</strong></span> <span class='ocrx_word' id='word_1_128' title='bbox 262 2930 376 3010; x_wconf 83' lang='lat' dir='ltr'><strong>gratia</strong></span> <span class='ocrx_word' id='word_1_129' title='bbox 397 2929 453 2992; x_wconf 93' lang='lat' dir='ltr'><strong>dei</strong></span> <span class='ocrx_word' id='word_1_130' title='bbox 473 2928 668 2993; x_wconf 88' lang='lat' dir='ltr'><strong>sullimatus</strong></span> <span class='ocrx_word' id='word_1_131' title='bbox 692 2949 755 2993; x_wconf 87' lang='lat' dir='ltr'><strong>rex</strong></span> <span class='ocrx_word' id='word_1_132' title='bbox 778 2937 814 2993; x_wconf 92' lang='lat' dir='ltr'><strong>et</strong></span> <span class='ocrx_word' id='word_1_133' title='bbox 839 2931 1046 2995; x_wconf 88' lang='lat' dir='ltr'><strong>monarchus</strong></span> <span class='ocrx_word' id='word_1_134' title='bbox 1067 2931 1175 2995; x_wconf 89' lang='lat' dir='ltr'><strong>totius</strong></span> 
     </span>
     <span class='ocr_line' id='line_1_25' title="bbox 124 3027 1175 3118; baseline 0.005 -28"><span class='ocrx_word' id='word_1_135' title='bbox 124 3027 298 3118; x_wconf 53' lang='lat' dir='ltr'><strong>dlbippis,</strong></span> <span class='ocrx_word' id='word_1_136' title='bbox 315 3030 406 3091; x_wconf 90' lang='lat' dir='ltr'><strong>ruris</strong></span> <span class='ocrx_word' id='word_1_137' title='bbox 422 3029 595 3112; x_wconf 90' lang='lat' dir='ltr'><strong>quandam</strong></span> <span class='ocrx_word' id='word_1_138' title='bbox 606 3029 822 3112; x_wconf 87' lang='lat' dir='ltr'><strong>particulam,</strong></span> <span class='ocrx_word' id='word_1_139' title='bbox 839 3031 1001 3095; x_wconf 90' lang='lat' dir='ltr'><strong>tredecim</strong></span> <span class='ocrx_word' id='word_1_140' title='bbox 1014 3029 1175 3096; x_wconf 90' lang='lat' dir='ltr'><strong>uidelicet</strong></span> 
     </span>
     <span class='ocr_line' id='line_1_26' title="bbox 125 3127 1176 3212; baseline 0.003 -20"><span class='ocrx_word' id='word_1_141' title='bbox 125 3130 170 3194; x_wconf 86' lang='lat' dir='ltr'><strong>ab</strong></span> <span class='ocrx_word' id='word_1_142' title='bbox 186 3128 311 3194; x_wconf 87' lang='lat' dir='ltr'><strong>incolis</strong></span> <span class='ocrx_word' id='word_1_143' title='bbox 326 3129 543 3193; x_wconf 88' lang='lat' dir='ltr'><strong>aestimatam</strong></span> <span class='ocrx_word' id='word_1_144' title='bbox 560 3127 818 3204; x_wconf 91' lang='lat' dir='ltr'><strong>mansiunculis,</strong></span> <span class='ocrx_word' id='word_1_145' title='bbox 835 3129 871 3192; x_wconf 93' lang='lat' dir='ltr'><strong>in</strong></span> <span class='ocrx_word' id='word_1_146' title='bbox 886 3130 964 3194; x_wconf 92' lang='lat' dir='ltr'><strong>loco</strong></span> <span class='ocrx_word' id='word_1_147' title='bbox 976 3130 1035 3212; x_wconf 90' lang='lat' dir='ltr'><strong>qui</strong></span> <span class='ocrx_word' id='word_1_148' title='bbox 1049 3131 1176 3195; x_wconf 90' lang='lat' dir='ltr'><strong>dicitur</strong></span> 
     </span>
     <span class='ocr_line' id='line_1_27' title="bbox 127 3226 1174 3310; baseline -0.001 -16"><span class='ocrx_word' id='word_1_149' title='bbox 127 3226 374 3310; x_wconf 83' lang='lat' dir='ltr'><strong>Corigescumb</strong></span> <span class='ocrx_word' id='word_1_150' title='bbox 387 3229 430 3291; x_wconf 88' lang='lat' dir='ltr'><strong>ad</strong></span> <span class='ocrx_word' id='word_1_151' title='bbox 443 3229 643 3294; x_wconf 88' lang='lat' dir='ltr'><strong>coenobiale</strong></span> <span class='ocrx_word' id='word_1_152' title='bbox 652 3228 897 3295; x_wconf 82' lang='lat' dir='ltr'><strong>monasterium</strong></span> <span class='ocrx_word' id='word_1_153' title='bbox 910 3229 1001 3310; x_wconf 95' lang='lat' dir='ltr'><strong>quod</strong></span> <span class='ocrx_word' id='word_1_154' title='bbox 1011 3228 1174 3296; x_wconf 87' lang='lat' dir='ltr'><strong>solicolae</strong></span> 
     </span>
     <span class='ocr_line' id='line_1_28' title="bbox 126 3327 1175 3410; baseline 0.002 -20"><span class='ocrx_word' id='word_1_155' title='bbox 126 3329 278 3410; x_wconf 85' lang='lat' dir='ltr'><strong>regionis</strong></span> <span class='ocrx_word' id='word_1_156' title='bbox 306 3328 401 3392; x_wconf 87' lang='lat' dir='ltr'><strong>illius</strong></span> <span class='ocrx_word' id='word_1_157' title='bbox 430 3328 660 3393; x_wconf 91' lang='lat' dir='ltr'><strong>Scireburnan</strong></span> <span class='ocrx_word' id='word_1_158' title='bbox 685 3329 842 3392; x_wconf 89' lang='lat' dir='ltr'><strong>uocitant</strong></span> <span class='ocrx_word' id='word_1_159' title='bbox 869 3327 1012 3391; x_wconf 91' lang='lat' dir='ltr'><strong>liberam</strong></span> <span class='ocrx_word' id='word_1_160' title='bbox 1037 3336 1175 3409; x_wconf 88' lang='lat' dir='ltr'><strong>praeter</strong></span> 
     </span>
     <span class='ocr_line' id='line_1_29' title="bbox 127 3426 1173 3510; baseline -0.002 -18"><span class='ocrx_word' id='word_1_161' title='bbox 127 3447 254 3505; x_wconf 87' lang='lat' dir='ltr'><strong>arcem,</strong></span> <span class='ocrx_word' id='word_1_162' title='bbox 282 3435 435 3510; x_wconf 89' lang='lat' dir='ltr'><strong>pontem,</strong></span> <span class='ocrx_word' id='word_1_163' title='bbox 462 3428 798 3510; x_wconf 86' lang='lat' dir='ltr'><strong>expeditionemque,</strong></span> <span class='ocrx_word' id='word_1_164' title='bbox 824 3426 1088 3509; x_wconf 90' lang='lat' dir='ltr'><strong>inperpetuum</strong></span> <span class='ocrx_word' id='word_1_165' title='bbox 1118 3427 1173 3490; x_wconf 89' lang='lat' dir='ltr'><strong>ius</strong></span> 
     </span>
     <span class='ocr_line' id='line_1_30' title="bbox 125 3525 1173 3604; baseline -0.004 -12"><span class='ocrx_word' id='word_1_166' title='bbox 125 3527 272 3592; x_wconf 89' lang='lat' dir='ltr'><strong>libenter</strong></span> <span class='ocrx_word' id='word_1_167' title='bbox 288 3527 472 3591; x_wconf 88' lang='lat' dir='ltr'><strong>admodum</strong></span> <span class='ocrx_word' id='word_1_168' title='bbox 493 3527 721 3604; x_wconf 88' lang='lat' dir='ltr'><strong>concedendo,</strong></span> <span class='ocrx_word' id='word_1_169' title='bbox 744 3525 918 3590; x_wconf 89' lang='lat' dir='ltr'><strong>scedulam</strong></span> <span class='ocrx_word' id='word_1_170' title='bbox 942 3526 1046 3590; x_wconf 89' lang='lat' dir='ltr'><strong>istam</strong></span> <span class='ocrx_word' id='word_1_171' title='bbox 1067 3542 1173 3588; x_wconf 92' lang='lat' dir='ltr'><strong>anno-</strong></span> 
     </span>
     <span class='ocr_line' id='line_1_31' title="bbox 126 3617 1171 3710; baseline -0.004 -18"><span class='ocrx_word' id='word_1_172' title='bbox 126 3635 200 3692; x_wconf 91' lang='lat' dir='ltr'><strong>tare</strong></span> <span class='ocrx_word' id='word_1_173' title='bbox 218 3627 392 3690; x_wconf 87' lang='lat' dir='ltr'><strong>mandaui.</strong></span> <span class='ocrx_word' id='word_1_174' title='bbox 446 3627 551 3691; x_wconf 91' lang='lat' dir='ltr'><strong>Hanc</strong></span> <span class='ocrx_word' id='word_1_175' title='bbox 575 3646 658 3691; x_wconf 91' lang='lat' dir='ltr'><strong>uero</strong></span> <span class='ocrx_word' id='word_1_176' title='bbox 675 3626 868 3710; x_wconf 82' lang='lat' dir='ltr'><strong>praefatam</strong></span> <span class='ocrx_word' id='word_1_177' title='bbox 890 3633 1017 3689; x_wconf 90' lang='lat' dir='ltr'><strong>terram</strong></span> <span class='ocrx_word' id='word_1_178' title='bbox 1039 3617 1171 3688; x_wconf 76' lang='lat' dir='ltr'><strong>.xvl‘¹¹¹¹.</strong></span> 
     </span>
    </p>
   </div>
   <div class='ocr_carea' id='block_1_5' title="bbox 66 3721 1173 4205">
    <p class='ocr_par' dir='ltr' id='par_1_5' title="bbox 66 3721 1173 4205">
     <span class='ocr_line' id='line_1_32' title="bbox 126 3721 1173 3810; baseline -0.005 -19"><span class='ocrx_word' id='word_1_179' title='bbox 126 3736 166 3793; x_wconf 90' lang='lat' dir='ltr'><strong>ut</strong></span> <span class='ocrx_word' id='word_1_180' title='bbox 195 3726 345 3810; x_wconf 86' lang='lat' dir='ltr'><strong>praefati</strong></span> <span class='ocrx_word' id='word_1_181' title='bbox 379 3745 500 3790; x_wconf 89' lang='lat' dir='ltr'><strong>sumus</strong></span> <span class='ocrx_word' id='word_1_182' title='bbox 530 3727 677 3790; x_wconf 87' lang='lat' dir='ltr'><strong>cassatis</strong></span> <span class='ocrx_word' id='word_1_183' title='bbox 712 3725 967 3798; x_wconf 88' lang='lat' dir='ltr'><strong>consistentem,</strong></span> <span class='ocrx_word' id='word_1_184' title='bbox 999 3721 1173 3804; x_wconf 88' lang='lat' dir='ltr'><strong>quondam</strong></span> 
     </span>
     <span class='ocr_line' id='line_1_33' title="bbox 123 3821 1172 3908; baseline -0.007 -16"><span class='ocrx_word' id='word_1_185' title='bbox 123 3826 330 3892; x_wconf 85' lang='lat' dir='ltr'><strong>AElfwoldus</strong></span> <span class='ocrx_word' id='word_1_186' title='bbox 369 3827 564 3908; x_wconf 91' lang='lat' dir='ltr'><strong>episcopus,</strong></span> <span class='ocrx_word' id='word_1_187' title='bbox 601 3844 683 3905; x_wconf 83' lang='lat' dir='ltr'><strong>rege</strong></span> <span class='ocrx_word' id='word_1_188' title='bbox 721 3825 883 3906; x_wconf 86' lang='lat' dir='ltr'><strong>Eadgaro</strong></span> <span class='ocrx_word' id='word_1_189' title='bbox 925 3821 1172 3898; x_wconf 89' lang='lat' dir='ltr'><strong>consentiente,</strong></span> 
     </span>
     <span class='ocr_line' id='line_1_34' title="bbox 122 3916 1173 4008; baseline -0.006 -18"><span class='ocrx_word' id='word_1_190' title='bbox 122 3927 269 3992; x_wconf 90' lang='lat' dir='ltr'><strong>duorum</strong></span> <span class='ocrx_word' id='word_1_191' title='bbox 290 3916 465 3989; x_wconf 87' lang='lat' dir='ltr'><strong>hominum</strong></span> <span class='ocrx_word' id='word_1_192' title='bbox 489 3937 624 4008; x_wconf 89' lang='lat' dir='ltr'><strong>tempus</strong></span> <span class='ocrx_word' id='word_1_193' title='bbox 643 3923 687 3987; x_wconf 90' lang='lat' dir='ltr'><strong>de</strong></span> <span class='ocrx_word' id='word_1_194' title='bbox 712 3926 789 4007; x_wconf 91' lang='lat' dir='ltr'><strong>ipso</strong></span> <span class='ocrx_word' id='word_1_195' title='bbox 810 3921 1016 3986; x_wconf 88' lang='lat' dir='ltr'><strong>monasterio</strong></span> <span class='ocrx_word' id='word_1_196' title='bbox 1037 3936 1173 3984; x_wconf 68' lang='lat' dir='ltr'><strong>riccom-</strong></span> 
     </span>
     <span class='ocr_line' id='line_1_35' title="bbox 123 4019 1171 4107; baseline -0.01 -14"><span class='ocrx_word' id='word_1_197' title='bbox 123 4026 299 4105; x_wconf 83' lang='lat' dir='ltr'><strong>modauit3</strong></span> <span class='ocrx_word' id='word_1_198' title='bbox 315 4024 375 4089; x_wconf 85' lang='lat' dir='ltr'><strong>sed</strong></span> <span class='ocrx_word' id='word_1_199' title='bbox 390 4044 538 4107; x_wconf 90' lang='lat' dir='ltr'><strong>sequens</strong></span> <span class='ocrx_word' id='word_1_200' title='bbox 550 4029 631 4107; x_wconf 90' lang='lat' dir='ltr'><strong>post</strong></span> <span class='ocrx_word' id='word_1_201' title='bbox 643 4022 779 4097; x_wconf 87' lang='lat' dir='ltr'><strong>illorum</strong></span> <span class='ocrx_word' id='word_1_202' title='bbox 792 4022 885 4086; x_wconf 89' lang='lat' dir='ltr'><strong>uitae</strong></span> <span class='ocrx_word' id='word_1_203' title='bbox 896 4019 1171 4084; x_wconf 84' lang='lat' dir='ltr'><strong>terminationem</strong></span> 
     </span>
     <span class='ocr_line' id='line_1_36' title="bbox 66 4119 1172 4205; baseline -0.007 -14"><span class='ocrx_word' id='word_1_204' title='bbox 66 4153 68 4156; x_wconf 48' lang='lat'>&gt;</span> <span class='ocrx_word' id='word_1_205' title='bbox 120 4144 301 4191; x_wconf 87' lang='lat' dir='ltr'><strong>successor</strong></span> <span class='ocrx_word' id='word_1_206' title='bbox 323 4123 520 4188; x_wconf 78' lang='lat' dir='ltr'><strong>AErtelricus</strong></span> <span class='ocrx_word' id='word_1_207' title='bbox 540 4123 722 4193; x_wconf 88' lang='lat' dir='ltr'><strong>uocamine</strong></span> <span class='ocrx_word' id='word_1_208' title='bbox 743 4122 926 4205; x_wconf 88' lang='lat' dir='ltr'><strong>episcopus</strong></span> <span class='ocrx_word' id='word_1_209' title='bbox 950 4125 1043 4187; x_wconf 88' lang='lat' dir='ltr'><strong>recte</strong></span> <span class='ocrx_word' id='word_1_210' title='bbox 1061 4119 1172 4184; x_wconf 90' lang='lat' dir='ltr'><strong>redin-</strong></span> 
     </span>
    </p>
   </div>
   <div class='ocr_carea' id='block_1_6' title="bbox 0 0 1430 4876">
    <p class='ocr_par' dir='ltr' id='par_1_6' title="bbox 0 0 1430 4876">
     <span class='ocr_line' id='line_1_37' title="bbox 0 0 1430 4876; baseline 0 3"><span class='ocrx_word' id='word_1_211' title='bbox 0 0 1430 4876; x_wconf 95' lang='lat' dir='ltr'><strong> </strong></span> 
     </span>
    </p>
   </div>
  </div>
 </body>
</html>
