2850 4876
368 378 541 427 aurnuns
563 380 906 429 nsanosnxonrcnn.
1149 366 1170 427 7

95 533 197 597 tatis
218 534 387 616 glorietur
402 537 594 619 priuilegio.
647 537 700 602 sit
718 543 833 601 autem
856 539 1050 619 praefatum
1075 559 1168 603 mon-

91 635 278 698 asterium
296 639 390 702 omni
414 647 571 702 terrenae
592 637 770 702 seruitutis
794 638 913 702 eodem
942 645 1061 703 tenore
1082 640 1167 704 libe-

89 752 202 811 1um,
217 756 324 818 quoa
344 739 622 820 praecessoribus
645 739 772 802 nostris
795 737 984 816 catholicis,
1004 758 1025 803 a
1046 748 1168 805 sancto

96 832 245 913 Leone,
273 838 447 916 uidelicet,
481 858 574 921 papa
603 847 639 903 et
671 839 837 902 Coenulso
869 858 950 921 rege
985 839 1166 918 catholico,

91 942 253 999 uetusto
268 939 463 1003 continetur
477 939 672 1022 priuilegio,
689 938 835 1003 Rebuno
851 941 975 1004 abbate
991 942 1168 1022 optinente

92 1035 285 1119 solutum3
318 1041 394 1121 agri
419 1037 578 1122 equidein
612 1036 706 1124 [qui]
739 1040 783 1102 ad
811 1056 895 1103 usus
922 1041 1166 1105 monachorum

95 1135 252 1201 domino
278 1146 396 1204 nostro
413 1138 518 1204 Ihesu
533 1139 673 1204 Christo
692 1140 834 1222 eiusque
857 1140 1015 1220 genitrici
1031 1140 1166 1205 Mariae

101 1236 236 1318 priscis
251 1239 494 1323 modernisque
519 1240 731 1322 temporibus
748 1258 769 1303 a
784 1240 922 1320 regibus
944 1248 980 1303 et
996 1240 1166 1322 religiosis

102 1339 295 1421 utriusque
309 1358 416 1404 sexus
430 1340 633 1417 hominibus,
645 1347 682 1404 et
698 1358 719 1402 a
735 1340 866 1422 meipso
878 1359 1024 1422 meoque
1039 1348 1165 1423 patruo

110 1436 274 1502 Eadredo
304 1460 387 1522 rege
419 1439 632 1518 fidelissimo,
661 1440 874 1503 restituendo
906 1442 979 1505 iure
1011 1444 1165 1505 concessi

111 1545 207 1614 sunt,
225 1538 379 1604 eiusdem
396 1541 643 1625 perpetualiter
658 1540 739 1604 sint·
751 1540 933 1605 libertatis.
988 1540 1081 1604 Nam
1101 1562 1163 1605 rex

112 1640 291 1720 praefatus
314 1660 374 1705 rus
393 1642 487 1724 quod
513 1640 711 1705 Abbandnn
737 1648 967 1722 nuncupatur,
985 1641 1077 1723 quod
1101 1663 1163 1706 rex

113 1737 330 1805 Caaduualla
356 1742 494 1806 domino
521 1749 640 1806 nostro
662 1742 804 1822 eiusque
836 1740 995 1822 genitrici
1027 1742 1163 1807 Mariae

114 1839 235 1920 priscis
260 1842 619 1925 temporibus-devoto
646 1848 865 1905 concesserat
886 1841 1013 1917 animo,
1036 1842 1071 1904 in
1095 1862 1164 1925 quo

114 1941 394 2021 praedecessores
416 1943 525 2006 nostri
546 1940 717 2006 diabolica
737 1941 873 2024 decepti
898 1940 1048 2004 auaritia
1069 1943 1163 2005 aedi·

115 2038 227 2103 ficium
245 2041 361 2123 regale
378 2043 444 2106 sibi
458 2043 585 2106 iniuste
603 2048 883 2117 construxerant,
901 2040 1088 2104 aecclesiae
1108 2042 1163 2105 dei

116 2142 298 2206 restituens
318 2142 498 2207 interdixit
517 2151 558 2205 ut
579 2162 699 2222 regum
721 2161 822 2204 nemo
843 2141 928 2203 inibi
951 2147 1088 2222 pastum
1111 2161 1164 2205 re-

115 2242 264 2320 quireret
285 2261 348 2306 nec
369 2241 563 2307 aedilicium
590 2244 626 2305 in
658 2242 900 2322 sempiternum
939 2247 1163 2305 construeret.

116 2338 215 2418 Quod
253 2361 319 2423 ego
355 2341 496 2424 Eadgar
533 2341 726 2424 Anglorum
763 2340 924 2417 basileus
956 2340 1162 2422 optimatum

117 2458 267 2505 meorum
291 2462 374 2505 usus
400 2443 557 2520 consilio,
584 2450 655 2506 tarn
678 2442 764 2506 meis
791 2461 894 2524 quam
913 2460 1064 2505 meorum
1086 2461 1163 2505 suc-

116 2557 286 2605 cesseram
294 2544 514 2623 temporibus
535 2544 643 2606 fixum
659 2542 694 2604 in
718 2543 855 2605 nomine
870 2542 979 2624 patris
994 2550 1029 2605 et
1051 2541 1112 2604 filii
1129 2551 1162 2607 et

116 2641 253 2722 spiritus
275 2644 386 2706 sancti
403 2643 475 2705 fieri
497 2643 532 2704 in
553 2650 730 2707 aeternum
751 2642 937 2724 praccipio.
991 2642 1162 2724 Tempore
1268 2646 1277 2661 '

116 2741 280 2823 siquidem
303 2762 372 2824 quo
395 2763 476 2807 rura
503 2763 592 2824 quae
607 2743 745 2806 domino
763 2743 890 2806 deuote
906 2761 1068 2805 concessa
1082 2750 1164 2806 sunt

116 2843 224 2906 animo
251 2843 377 2906 iniuste
403 2863 425 2906 a
451 2850 572 2907 sancta
597 2843 652 2907 dei
680 2841 848 2906 aecclesia
872 2842 990 2906 ablata
1014 2842 1162 2919 fuerant,

115 2943 231 3022 perfidi
257 2945 385 3025 quique
412 2962 521 3007 nouas
554 2943 619 3007 sibi
646 2942 893 3006 haereditarias
918 2941 1038 3006 kartas
1061 2961 1161 3004 usur-

115 3051 232 3122 pantes
264 3043 469 3122 ediderunt:
496 3044 556 3107 sed
585 3044 621 3106 in
649 3042 757 3126 patris
793 3050 828 3105 et
859 3043 920 3106 lilii
951 3049 986 3106 ct
1020 3043 1161 3126 spiritus

115 3144 222 3207 sancti
262 3145 399 3207 nomine
435 3144 664 3226 praecipimus
699 3150 738 3206 ut
777 3143 1025 3206 catholicorum
1062 3163 1162 3208 nemo

115 3244 249 3308 casdem
279 3244 435 3325 recipiat,
467 3243 526 3306 sed
557 3264 579 3307 a
609 3243 741 3306 cunctis
771 3243 973 3324 repudiatae
1003 3243 1162 3307 fidelibus

114 3341 145 3407 in
184 3343 406 3408 anathemate
444 3344 663 3424 deputentur,
704 3344 814 3406 ueteri
858 3341 984 3421 iugiter
1022 3344 1163 3423 uigente

114 3444 303 3525 priuilegio.
349 3444 483 3526 Siquis
506 3463 589 3507 uero
612 3450 684 3507 tam
711 3441 962 3524 epilempticus,
986 3440 1162 3524 philargy-

114 3545 181 3608 riae
207 3545 370 3608 seductus
397 3544 557 3621 amentia,
575 3544 666 3626 qnod
689 3562 758 3606 non
784 3551 957 3624 optamus,
972 3540 1060 3603 hanc
1084 3560 1162 3604 nos·

114 3651 183 3709 trae
199 3645 453 3708 munificentiae
466 3644 698 3726 dapsilitatem
720 3661 808 3706 ausu
822 3642 1004 3706 temerario
1018 3640 1163 3721 intring-

114 3764 168 3808 ere
193 3745 426 3827 temptauerit,
442 3746 487 3808 sit
501 3747 575 3827 ipse
598 3743 767 3807 alienatus
787 3763 809 3806 a
831 3742 1003 3807 consortio
1021 3748 1164 3805 sanctae

115 3845 167 3909 dei
188 3846 386 3921 aecclesiae,
411 3864 542 3909 necnon
565 3851 600 3908 et
622 3864 643 3907 a
667 3843 929 3925 participatione
954 3842 1164 3905 sacrosancti

114 3947 264 4029 corporis
287 3952 321 4008 et
344 3946 523 4027 sanguinis
540 3944 644 4008 lhesu
661 3943 790 4007 Christi
813 3943 874 4005 filii
896 3940 964 4017 dei,
978 3960 1040 4023 per
1062 3958 1163 4021 quem

115 4053 206 4111 totus
224 4054 393 4110 terrarum
419 4047 511 4109 orbis
537 4046 580 4108 ab
609 4045 751 4124 antiquo
774 4042 915 4106 humani
939 4039 1074 4122 generis
1097 4039 1163 4103 ini·

115 4148 200 4211 mico
228 4147 393 4210 liberatus
424 4155 497 4217 est;
537 4154 572 4208 ct
606 4164 684 4208 cum
715 4143 805 4206 Iuda
832 4142 961 4206 Christi
990 4138 1163 4220 proditore
