2850 4876
612 367 809 417 arrnnnlx.

618 624 779 691 nxrv.¹

304 742 548 854 *alesin
566 776 801 859 wennesaay,
821 777 905 841 nec.
920 776 1015 854 astu,
1032 777 1111 841 964.

238 929 277 1008 ›1‹
300 924 579 991 Anrrrormnrrs
605 927 662 991 dei
686 927 851 1009 largiflua
875 927 1070 1004 clementia,
1097 927 1157 1009 qui
1179 935 1232 991 est

183 1046 247 1090 rex
273 1046 392 1107 regum
422 1036 458 1090 et
482 1026 642 1090 dominus
672 1027 937 1104 dominantium,
957 1048 1023 1109 ego
1050 1029 1233 1110 Eadgarus

184 1124 379 1208 Anglorum
420 1127 583 1203 basileus,
621 1128 842 1210 omniumque
882 1148 1002 1209 regum
1041 1128 1232 1192 insularum

183 1227 304 1291 oceani
326 1246 417 1309 quae
433 1227 662 1310 Brytanniam
684 1228 940 1305 circumiacent,
962 1237 1234 1310 cunctarumque

183 1327 362 1390 nationum
390 1347 480 1408 quae
505 1327 595 1390 infra
622 1347 699 1391 eam
727 1328 963 1406 includuntur,
988 1330 1176 1410 imperator
1197 1336 1233 1393 et

184 1426 356 1503 dominus,
374 1428 506 1508 gratias
524 1447 593 1510 ago
615 1429 683 1509 ipsi
699 1427 765 1492 deo
787 1428 1028 1511 omnipotenti,
1044 1429 1117 1510 regi
1143 1448 1232 1506 meo,

184 1527 243 1609 qui
264 1546 378 1590 meum
401 1528 583 1610 imperium
605 1528 656 1591 sic
680 1527 863 1611 ampliauit
883 1535 918 1593 et
940 1529 1114 1592 exultauit
1128 1548 1233 1612 super

184 1646 327 1709 regnum
343 1636 481 1709 patrum
497 1648 671 1702 meorum3
696 1630 757 1710 qui
774 1628 855 1693 licet
870 1628 1105 1694 monarchiam
1122 1630 1232 1693 totius

185 1726 334 1809 Angliae
350 1729 467 1810 adepti
489 1729 560 1792 sint
581 1748 604 1792 a
629 1735 783 1812 tempore
800 1729 1009 1805 AE'Selstani,
1025 1729 1084 1811 qui
1103 1729 1234 1810 primus

185 1847 304 1909 regum
331 1826 527 1910 Anglorum
554 1847 673 1892 omnes
698 1829 857 1892 nationes
885 1848 974 1909 quae
1001 1829 1232 1915 Brytanniam

185 1928 338 1992 incolunt
353 1929 418 1991 sibi
441 1929 546 1991 armis
562 1929 713 2010 subegit,
728 1928 844 1992 nullus
866 1935 981 1992 tamen
1001 1948 1119 1993 eorum
1140 1929 1235 1992 ultra

185 2027 258 2092 cius
276 2028 361 2092 fines
375 2028 555 2110 imperium
571 2048 670 2091 snum
688 2029 834 2092 dilatare
852 2048 1038 2110 aggressus
1053 2038 1127 2108 est3
1151 2029 1234 2092 mibi

185 2134 301 2192 autem
316 2128 487 2192 concessit
500 2129 652 2210 propitia
669 2128 845 2204 diuinitas,
863 2148 941 2192 cum
960 2127 1153 2210 Anglorum
1170 2129 1235 2193 im-

186 2228 292 2309 perio,
308 2229 424 2291 omnia
440 2247 550 2309 regna
565 2229 756 2293 insularum
772 2229 894 2292 oceani
909 2249 987 2292 cum
1005 2229 1078 2292 suis
1092 2228 1233 2292 ferocis·

186 2328 280 2391 simis
305 2329 446 2409 regibus
462 2347 572 2410 nsque
585 2328 806 2410 Norregiam,
823 2329 1078 2410 maximamque
1099 2336 1232 2411 partem

187 2427 379 2492 Hiberniae
396 2447 473 2491 cum
496 2447 561 2492 sua
584 2429 797 2493 nobilissima
816 2429 958 2493 ciuitate
977 2429 1143 2505 Dublina,
1157 2427 1233 2493 An-

187 2529 319 2610 glorum
333 2547 441 2609 regno
457 2529 662 2610 subiugaret
679 2549 767 2612 quos
782 2529 886 2593 etiam
900 2547 1018 2593 omnes
1029 2531 1115 2594 meis
1127 2529 1236 2612 impe-

187 2629 247 2691 riis
279 2628 370 2692 colla
397 2628 555 2704 subdere,
583 2627 638 2692 dei
661 2629 800 2693 fauente
823 2629 948 2711 gratia,
973 2629 1083 2711 coegi.
1136 2628 1234 2706 Qua·

186 2735 327 2810 propter
344 2734 379 2792 et
395 2747 461 2809 ego
477 2727 607 2815 Christi
622 2729 768 2811 gloriam
784 2736 819 2794 et
832 2730 970 2794 laudem
984 2731 1019 2794 in
1036 2749 1142 2812 regno
1156 2749 1234 2793 meo

187 2829 476 2904 exaltare,eteins
486 2829 666 2892 seruitium
676 2830 1053 2912 amplificare,deuotus
1062 2830 1233 2913 disposui:

187 2935 222 2992 et
233 2948 295 3010 per
309 2948 402 2992 meos
414 2929 531 2992 fideles
546 2929 711 3007 fautores,
724 2931 943 2995 Dunstanum
954 2931 1116 2996 uidelicet
1127 2930 1236 2994 archi-

189 3029 400 3111 episcopum,
418 3037 454 3092 et
477 3028 730 3094 AEbelwoldum
751 3050 792 3094 ac
815 3029 1017 3095 Oswaldum
1041 3032 1235 3115 episcopos,

187 3147 274 3210 qnos
289 3130 325 3193 in
341 3134 456 3211 patres
473 3130 670 3211 spirituales
686 3138 722 3195 et
735 3129 972 3194 consiliatores
988 3131 1090 3213 elegi,
1108 3150 1236 3214 magna

188 3249 232 3292 ex
247 3237 358 3312 parte,
379 3229 566 3292 secundum
583 3230 675 3311 quod
695 3229 862 3311 disposui,
877 3229 1015 3311 perfeci.
1061 3230 1236 3313 Siquidem

187 3330 399 3411 temporibus
426 3336 682 3394 antecessorum
707 3348 861 3394 meorum
886 3349 1007 3411 regum
1031 3326 1236 3410 Anglorum,

187 3430 396 3516 monasteria
411 3436 482 3492 tam
497 3431 743 3494 monachorum
759 3449 863 3512 quam
875 3430 1047 3510 uirginum
1061 3429 1236 3494 destructa

189 3536 224 3593 et
239 3530 377 3612 penitus
392 3529 549 3610 neglecta
566 3529 602 3592 in
625 3538 700 3594 tota
722 3529 853 3612 Anglio
870 3537 980 3606 erant,
996 3548 1085 3611 quae
1110 3548 1174 3610 ego
1192 3529 1236 3593 ad

188 3629 242 3693 dei
258 3629 393 3693 laudem
410 3649 471 3711 pro
491 3628 641 3694 remedio
662 3632 797 3694 animae
815 3650 912 3694 meae
927 3649 1100 3712 reparare,
1116 3638 1150 3693 et
1166 3648 1236 3692 ser-

187 3749 310 3793 uorum
325 3737 360 3793 ct
374 3728 576 3792 ancillarum
588 3730 643 3794 dei
661 3750 839 3795 numerum
853 3729 1094 3812 multiplicare,
1101 3728 1237 3792 deuoni.

189 3829 234 3897 Et
249 3830 334 3911 ipsis
350 3830 557 3912 supradictis
580 3831 664 3894 meis
681 3832 963 3912 cooperatoribus
980 3836 1119 3893 strenue
1142 3829 1239 3892 anni-

187 3930 342 3995 tentibus
359 3930 427 3993 iam
444 3947 515 3995 .xn.
535 3938 571 3994 et
588 3947 663 3994 ,νη
682 3932 893 3997 monasteria
910 3948 987 3994 cum
1004 3928 1180 3993 monachis
1204 3935 1239 3993 et

431 4055 436 4084 ¹
449 4056 474 4104 A
486 4072 553 4106 more
566 4060 662 4107 correct
673 4042 738 4120 copy
750 4058 779 4107 of
787 4057 895 4107 Charter
906 4057 1008 4106 DXIV.
