2850 4876
182 317 227 381 96
455 333 629 382 curarim
652 330 999 380 auersosaxouronn.

188 493 324 574 ›14Ego
350 491 457 555 Osulf
475 493 656 574 episcopus
684 489 907 556 consolidaui.
960 489 999 568 ›1‹
1023 486 1100 567 Ego
1122 483 1239 568 Wyn⁴

185 594 258 674 sige
275 592 458 674 episcopus
481 591 654 668 roboraui,
669 599 735 656 ete.

651 775 756 786 ..--

560 886 852 952 mcccxvur.

550 1008 771 1116 uineis,
799 1038 875 1101 ero.

242 1189 280 1267 ›1‹
304 1184 350 1248 ΙΝ
368 1185 503 1249 nomine
521 1183 650 1248 domini
671 1186 781 1249 nostri
807 1185 911 1250 lbesu
929 1183 1078 1248 Christi!
1132 1180 1237 1246 Anno

185 1286 374 1348 dominicae
393 1286 640 1349 incarnationis
658 1301 886 1350 ‚neocosmum
902 1305 967 1366 ego
989 1285 1142 1365 Eadgar,
1162 1303 1235 1346 om-

186 1385 371 1450 nicreantis
404 1384 606 1469 disponente
635 1385 818 1449 clementia
847 1383 1120 1467 Anglig‘enarum
1162 1402 1237 1456 rex,

186 1486 305 1548 diuino
323 1484 447 1548 ductus
470 1505 585 1548 amore
609 1487 653 1549 ab
671 1485 790 1549 eodem
808 1485 873 1549 deo
895 1492 931 1550 et
955 1484 1093 1548 dominc
1115 1488 1236 1547 nostro

186 1586 323 1667 populis
353 1593 388 1648 et
416 1586 574 1649 tribubus
598 1586 863 1667 praeordinatus
891 1585 927 1648 in
949 1604 1076 1666 regem,
1099 1583 1235 1646 cuidam

187 1699 263 1748 meo
295 1683 386 1747 fideli
419 1685 566 1748 diacono
604 1685 756 1749 uocitato
792 1685 926 1750 nomine
959 1683 1125 1749 Brihteah
1160 1698 1236 1747 ΝΠ.

188 1803 324 1848 mansas
347 1785 567 1848 aeternaliter
592 1784 753 1861 concedo,
770 1785 841 1848 illic
863 1786 922 1848 ubi
945 1782 1096 1866 Anglica
1118 1782 1237 1865 appel-

186 1885 315 1948 latione
341 1884 467 1948 dicitur
493 1884 694 1966 Cingestun,
717 1893 757 1948 ut
783 1883 909 1949 habeat
934 1893 1039 1968 atque
1061 1883 1237 1967 possideat

185 1985 351 2066 quamdiu
388 1984 505 2048 uitalis
539 1985 643 2050 flatus
680 2003 805 2067 corpus
838 1985 963 2049 aluerit
1000 1985 1115 2058 illius3
1156 2002 1234 2046 cum

186 2074 302 2149 autem
333 2103 416 2148 suae
444 2083 678 2149 dissolutionis
705 2085 882 2148 aduenerit
913 2085 999 2162 dies,
1032 2085 1236 2166 cuicumque

185 2185 335 2250 uoluerit
350 2184 489 2249 haeredi
505 2184 722 2266 derelinquat
737 2185 773 2247 in
788 2190 963 2249 aeternam
976 2183 1234 2249 haereditatem.

188 2285 332 2349 Maneat
363 2284 471 2366 igitur
501 2304 614 2349 meum
646 2285 712 2349 hoc
743 2284 904 2348 inmobile
935 2285 1063 2349 donum
1094 2289 1236 2349 aeterna

186 2386 346 2449 libertate
361 2385 558 2463 iocundum,
574 2405 650 2449 cum
671 2385 839 2449 uniuersis
854 2404 943 2468 quae
959 2384 1134 2467 pertinent
1158 2382 1234 2458 sibi,

187 2486 330 2567 campis,
361 2485 512 2565 pascuis,
546 2484 668 2567 pratis,
701 2486 775 2547 sine
807 2485 1026 2566 expeditione
1056 2492 1091 2549 et
1120 2483 1235 2568 pontis

186 2584 318 2648 arcisue
348 2583 606 2648 instauratione.
659 2583 695 2647 Si
723 2584 801 2666 quis
830 2604 914 2649 uero
942 2584 1118 2649 bominum
1146 2583 1235 2647 hane

187 2703 298 2747 meam
315 2683 534 2748 donationem
552 2702 628 2747 cum
651 2682 820 2748 stultitiae
837 2685 1030 2749 temeritate
1045 2682 1234 2748 iactitando

186 2783 373 2864 infringere
395 2784 590 2860 certauerit,
615 2784 662 2848 sit
690 2783 765 2865 ipse
786 2785 951 2866 grauibus
977 2804 1039 2866 per
1055 2783 1147 2849 colla
1173 2782 1234 2846 de·

188 2903 327 2965 pressus
363 2884 494 2947 catenis
534 2884 624 2948 inter
662 2883 913 2948 flammiuomas
953 2890 1117 2949 tetrorum
1155 2883 1238 2947 dae·

189 3003 328 3047 monum
362 2991 532 3062 cateruas,
566 2984 632 3048 nisi
666 2984 761 3066 prius
795 2984 850 3047 hic
887 2984 931 3047 ad
965 2982 1234 3048 satisfactionem

187 3085 303 3147 uenire
320 3082 478 3147 noluerit.

243 3185 282 3264 ›1‹
316 3182 392 3264 Ego
422 3183 562 3265 Eadgar
593 3205 656 3249 rex
685 3182 877 3266 Anglorum
908 3186 1098 3267 praelatam
1129 3186 1237 3251 doua-

189 3285 317 3347 tionem
345 3284 510 3349 concessi.
584 3287 624 3368 ᾧ
655 3286 731 3366 Ego
763 3285 925 3349 Dunstan
960 3285 1236 3370 archiepiscopus

188 3403 266 3448 cum
286 3384 386 3464 signo
410 3392 549 3449 sanctae
572 3385 683 3448 crucis
705 3385 878 3448 roboraui.
934 3387 973 3466 ›1‹
995 3385 1071 3467 Ego
1092 3384 1236 3451 Oscutel

189 3484 467 3566 archiepiscopus
484 3484 636 3564 sigillum
651 3484 752 3564 agiae
767 3485 879 3548 crucis
894 3485 1063 3566 impressi.
1105 3487 1144 3568 ›1‹
1159 3486 1236 3567 Ego

190 3582 399 3648 AErteluuold
431 3583 612 3666 episcopus
642 3584 855 3664 consignaui.
909 3586 947 3664 ›1‹
977 3584 1054 3666 Ego
1077 3584 1233 3650 AElfstan

188 3683 370 3765 episcopus
386 3681 557 3764 adquieui.
604 3684 643 3763 ›1‹
660 3683 736 3763 Ego
751 3683 1046 3767 Osult'episcopus
1064 3686 1234 3750 consensi.

194 3782 325 3862 ›14Ego
343 3781 525 3845 AElfuuold
541 3782 724 3864 episcopus
741 3783 904 3847 conclusi.
953 3785 993 3866 ᾧ
1011 3784 1088 3866 Ego
1103 3784 1237 3850 AElfere

187 3881 271 3945 dux.
322 3881 453 3962 ›14Eg0
471 3880 611 3946 AElfeah
629 3882 712 3946 dux.
770 3882 906 3963 ›14Eg0
927 3883 1135 3949 AE’deluuine
1151 3885 1233 3949 dux.

192 3980 236 4063 ᾖ
250 3980 325 4059 Ego
344 3980 449 4044 Oslac
470 3981 557 4045 dux.'
610 3985 649 4063 ›1‹
671 3983 747 4062 Ego
769 3982 937 4047 Brihtnott
958 3982 1042 4050 dux.
1097 3985 1140 4069 ›1‹
1159 3985 1236 4067 Ego

190 4079 359 4157 AEscuuig
374 4081 492 4143 abbas.
549 4082 588 4161 ›1‹
605 4081 681 4161 Ego
698 4080 945 4162 Osgarabbas.
1001 4086 1042 4166 ›1‹
1060 4085 1236 4166 EgoAElf·
