2850 4876
256 358 322 424 188
516 371 689 420 cahanan
712 368 1060 419 11110111011111.

260 528 355 592 Cnut
369 547 430 591 rex
444 526 650 608 Anglorum,
667 525 817 589 sollicita
828 532 942 590 mente
955 525 1141 606 cogitando
1157 537 1317 607 11110111*-

257 628 331 691 tani
353 626 568 710 profuturum
591 643 632 688 ac
656 624 887 688 necessarium
908 623 1313 709 11110111111111111111-

257 727 355 790 toriis
373 734 409 790 11
424 725 563 789 minime
580 724 752 788 mansuris
769 722 899 787 diuitiis
916 730 1084 806 perpetua
1099 730 1204 806 atque
1219 722 1312 806 iugi-

258 832 312 890 ter
325 824 584 908 perseuerantia
597 823 770 887 coelorum
784 823 937 905 praemia
950 824 1139 905 acquirere.
1175 821 1312 888 Idcirco

258 925 322 988 tali
336 925 501 988 memoria
514 925 706 987 instructus
724 929 829 1004 atque
844 942 997 986 meorum
1015 922 1141 1004 ubique
1156 929 1312 987 anteces-

259 1042 375 1091 sorum
399 1025 582 1087 roboratus
603 1020 784 1104 exemplis,
804 1021 956 1103 aliquam
978 1030 1089 1085 terrae
1109 1028 1256 1103 partem,
1273 1021 1309 1086 id

257 1130 310 1187 est
324 1122 411 1185 duas
426 1141 577 1197 mansas,
600 1121 673 1184 siue
690 1140 793 1183 unam
815 1121 994 1203 perticam,
1008 1121 1044 1182 in
1061 1121 1139 1183 loco
1157 1120 1312 1202 (111111111-

257 1222 387 1303 gariter
413 1221 538 1287 dicitur
570 1219 847 1301 Seosenempton,
878 1219 1128 1283 famosissimae
1157 1218 1310 1284 familiae

257 1321 396 1385 domiuo
423 1321 540 1385 abbati
563 1319 768 1395 AE’eelwino,
792 1326 828 1383 11
849 1319 1019 1382 uniuersis
1036 1318 1201 1382 fratribus
1224 1318 1310 1396 suis,

258 1421 294 1482 in
330 1419 391 1483 illo
428 1426 548 1482 sancto
579 1425 614 1482 et
645 1418 865 1482 celeberrimo
904 1417 981 1481 loco
1014 1418 1074 1500 qui
1106 1415 1308 1499 1115111131-

258 1539 325 1601 nye
357 1525 587 1601 nuncupatur,
612 1517 733 1581 libenti
759 1519 886 1592 animo,
917 1516 983 1580 deo
1016 1517 1245 1598 omnipotenti
1273 1525 1308 1585 et

259 1625 381 1682 sancto
400 1617 506 1681 Petro
528 1617 674 1699 principi
704 1616 953 1698 apostolorum,
974 1616 1074 1679 hilari
1095 1615 1195 1679 uultu
1212 1636 1308 1680 men·

255 1723 358 1798 teque
393 1717 583 1798 praeclara,
617 1714 779 1791 concedo,
810 1735 873 1797 pro
906 1715 1139 1798 redemptione
1172 1715 1308 1780 animae

256 1835 352 1880 meae
372 1822 408 1879 et
429 1816 609 1879 criminum
631 1833 783 1878 meorum
806 1814 1032 1890 absolutione,
1050 1833 1128 1877 cum
1149 1815 1306 1879 omnihus

254 1915 355 1980 bonis
379 1914 422 1978 ad
445 1932 599 1978 mensam
622 1913 832 1977 coenobialis
849 1913 945 1976 uitae
967 1912 1130 1976 iratribus
1148 1912 1214 1977 deo
1233 1933 1305 1978 ser·

255 2014 429 2079 aientibus
449 2014 596 2095 largitus
614 2032 703 2088 sum,
720 2013 882 2094 quatinus
897 2013 956 2076 ille
975 2011 1180 2076 uenerabilis
1199 2014 1306 2078 abbas

254 2114 407 2178 eiusdem
432 2112 635 2185 monasterii,
658 2131 736 2175 cum
762 2110 939 2175 monachis
965 2113 1037 2176 suis
1060 2111 1152 2194 apud
1178 2111 1305 2177 altissi-

253 2233 346 2277 mum
361 2212 463 2275 deum
475 2231 610 2294 semper
624 2210 771 2274 fundant
786 2229 917 2292 preceS,
928 2216 963 2274 et
979 2211 1132 2293 quotidie
1144 2211 1305 2293 flagitant

253 2313 355 2376 deum
375 2313 411 2374 in
434 2311 642 2393 psalmodiis
661 2318 696 2374 et
721 2311 903 2374 missarum
930 2310 1217 2376 celebrationibus
1242 2331 1304 2395 pro

254 2411 464 2476 facinoribus
487 2411 584 2487 meis,
611 2417 652 2473 ut
677 2415 757 2491 post
782 2411 914 2473 obitum
945 2429 1058 2473 meum
1086 2430 1148 2492 per
1172 2411 1304 2475 miseri-

252 2509 404 2575 cordiam
428 2509 482 2572 dei
504 2517 540 2574 et
561 2529 623 2591 per
643 2527 761 2572 eorum
782 2516 905 2573 111011
921 2509 1087 2590 suffragia
1104 2509 1233 2591 possim
1257 2511 1300 2574 ad

253 2629 362 2691 regna
385 2608 557 2672 coelorum
580 2608 771 2691 peruenire.
822 2608 903 2672 Hoc
921 2609 1025 2672 etiam
1048 2609 1083 2672 in
1106 2609 1301 2673 111111011-

253 2709 358 2773 tionis
384 2727 480 2771 meae
503 2707 662 2771 chartula
684 2707 809 2772 addere
832 2709 930 2785 iussi,
952 2715 992 2772 nt
1012 2708 1042 2770 si
1065 2707 1103 2771 in
1126 2715 1302 2790 posterum

253 2807 427 2890 quaelibet
453 2807 541 2871 10111
565 2825 712 2889 persona
737 2808 924 2890 superioris
948 2807 1163 2871 inferiorisue
1188 2807 1302 2890 digni·

254 2908 337 2971 tatis
351 2907 531 2988 antiquum
543 2905 666 2969 librum
679 2906 827 2987 praefati
840 2905 940 2983 ruris,
951 2914 1012 2971 111
1024 2905 1303 2989 chirographum,

253 3007 310 3071 uel
331 3006 400 3069 alia
417 3024 573 3087 quaeque
593 3010 876 3069 testamentorum
898 3007 1029 3088 scripta
1047 3005 1090 3069 ad
1110 3006 1302 3087 praefatum

252 3107 364 3169 locum
377 3104 597 3186 pertinentia,
606 3103 642 3166 in
654 3105 802 3167 medium
816 3105 1009 3186 protulerit,
1020 3125 1083 3186 pro
1094 3105 1201 3169 nihilo
1212 3126 1301 3170 com·

254 3210 429 3288 putentur.
475 3203 512 3266 Si
527 3204 605 3286 quis
620 3211 735 3268 autem
754 3213 874 3268 contra
889 3203 979 3267 hanc
995 3211 1134 3268 nostrae
1150 3206 1301 3270 beneuo-

253 3304 379 3368 lentiae
390 3303 623 3385 dapsilitatem
639 3303 764 3386 cupido
778 3305 957 3368 conamine
973 3303 1102 3386 aliquid
1113 3304 1301 3370 machinari

251 3403 412 3481 uoluerit,
430 3409 491 3465 aut
507 3403 660 3467 minuere
677 3404 910 3485 temptauerit,
925 3423 995 3468 non
1008 3403 1141 3469 dubitet
1156 3424 1193 3468 se
1212 3404 1301 3469 inter

250 3503 420 3568 diabolica
444 3510 690 3566 tormentorum
717 3510 852 3568 tartara
877 3503 999 3580 rotari,
1025 3503 1092 3567 nisi
1124 3504 1221 3586 prius
1246 3502 1300 3567 hic

251 3603 439 3667 cessauerit
458 3600 515 3665 uel
530 3602 774 3666 emendauerit.
829 3602 883 3666 Ob
900 3601 1100 3667 affinitatem
1120 3601 1301 3667 circumia-

250 3703 401 3767 centium
413 3720 573 3782 agrorum
588 3701 745 3784 praelata
760 3709 872 3766 terrae
886 3700 1057 3785 particula
1072 3700 1138 3766 hoc
1150 3702 1301 3783 cingitur

251 3796 447 3866 territori0.¹
504 3800 572 3864 His
606 3800 794 3865 hierarchis
821 3801 1125 3879 consentientibus
1154 3821 1304 3884 quornm·

253 3900 393 3965 nomina
406 3898 548 3963 inferius
563 3907 736 3964 notantur.

305 4002 345 4081 ›1‹
366 3999 442 4080 Ego
469 3998 562 4063 Cnut
584 3999 769 4080 singularis
795 3999 968 4082 priuilegii
987 3998 1180 4064 hierarchia
1201 4017 1298 4083 prae·

508 4121 517 4156 ¹
533 4125 614 4176 There
625 4140 669 4176 are
680 4141 712 4175 no
723 4126 876 4176 boundaries
887 4127 913 4176 in
925 4127 967 4176 the
979 4127 1038 4179 MS.
